3038 4786
685 290 785 370 3.

148 496 228 563 Iulio
250 492 381 561 Caesari
543 501 574 555 et
594 490 664 555 VII.
688 494 709 557 b
926 496 959 552 et
978 487 1068 563 XIII.
1093 488 1132 553 15
1149 496 1180 551 et
1191 487 1239 552 16.

148 603 288 671 unum
309 601 449 666 Thermo
565 647 581 682 ,‚
630 600 675 666 Π.
696 600 735 662 rs
932 595 1069 677 „xnr
1090 597 1225 663 ua-or.
1320 581 1322 585 ’

148 710 285 778 Munatio
307 709 428 775 Planus
562 755 583 801 x,
603 724 610 739 ·
632 708 674 772 X.
696 705 799 771 1-24
932 751 948 786 „
982 703 1071 768 Xlll.
1095 705 1184 791 29³).

149 818 293 907 Sulpioio
315 817 488 883 Lemoniae
564 812 946 899 ᾖΠΠ.1-4εῒ69),,
980 813 1070 878 XIII.
1096 815 1246 883 17-28’.

149 918 312 1017 Trebonio
422 922 423 926 ’
569 971 586 1007 „
635 923 678 989 II.
699 924 740 988 28
932 971 949 1006 „
997 921 1070 989 XV.
1092 924 1242 989 suatur.

233 1033 357 1117 Quibus
378 1037 514 1100 fortasse
527 1032 568 1118 ¹⁰)
591 1032 713 1098 addere
736 1032 908 1097 debemus:

151 1144 235 1211 ries
556 1150 588 1205 ot
635 1140 675 1205 V.
700 1142 742 1206 16
935 1139 1242 1223 ,remoranda

165 1322 166 1327 ,
237 1268 303 1335 Vix
326 1275 403 1353 puto
427 1266 507 1350 fore,
530 1267 583 1352 qui
605 1268 690 1331 hune
711 1275 913 1351 oonspootum
943 1265 1071 1330 intuitus
1091 1288 1156 1330 non
1180 1265 1245 1330 ani-

152 1377 347 1456 maduertat,
369 1374 500 1440 alteram
523 1396 679 1460 quamque
702 1382 822 1460 partem
848 1374 1067 1460 epistularum,
1091 1396 1170 1459 quae
1203 1375 1244 1440 ad

153 1486 290 1553 eundem
310 1493 392 1567 sunt,
416 1483 552 1549 inueniri
575 1483 609 1547 in
631 1483 714 1549 libro
738 1493 790 1548 aut
803 1483 896 1548 tertio
915 1483 1041 1548 decimo
1062 1493 1117 1548 out
1136 1485 1243 1569 quinto

151 1594 285 1676 deoimo,
308 1592 449 1679 priorem
471 1602 576 1657 autem
599 1612 671 1657 esse
692 1592 850 1657 librorum
869 1590 1005 1658 I-XH.

237 1719 303 1784 Iam
323 1717 502 1804 quaeritur,
522 1717 610 1782 unde
630 1719 746 1783 fastum
767 1718 824 1800 sit,
857 1727 892 1782 ut
912 1717 938 1782 is
967 1719 1021 1804 qui
1041 1721 1161 1805 primus
1182 1720 1245 1787 hoo

154 1849 269 1914 eorpus
290 1826 433 1912 conlegit
459 1827 492 1890 in
520 1824 726 1912 disponendis
749 1827 891 1912 epistulis
923 1830 960 1892 ab
983 1827 1038 1892 illa
1058 1830 1172 1913 regula
1193 1852 1242 1895 re·

155 1934 296 2018 eederet,
319 1954 412 2020 quam
434 1932 494 1999 sibi
507 1933 576 2020 ipse
595 1933 779 1999 instituisset
789 1934 921 2018 aliisque
934 1936 1145 2020 praetulisset.
1169 1936 1243 2004 Plus

156 2042 404 2131 quadringentas
428 2043 549 2108 seilicet
560 2043 711 2129 epistulas
732 2042 765 2106 in
788 2064 860 2107 eum
886 2043 1031 2109 ordinem
1051 2032 1187 2132 redegit,¹
1214 2057 1248 2110 ut

157 2152 287 2218 nomina
308 2152 368 2217 sibi
396 2153 548 2244 inscripta
569 2161 779 2237 sequerentur
806 2191 848 2200 -
878 2174 934 2217 our
954 2153 1083 2219 tandem
1113 2155 1209 2221 octies
1230 2181 1249 2221 u

158 2283 193 2327 se
215 2263 286 2348 ipse
312 2263 401 2347 quasi
427 2262 571 2328 defecit?
624 2261 755 2326 Frustra
777 2271 895 2326 sertam
916 2284 1055 2327 caussam
1080 2264 1248 2329 rationem-

159 2388 221 2453 que
234 2368 430 2452 inuestigare
453 2367 659 2433 studebimus.
682 2368 736 2431 An
759 2367 951 2454 casualiquo
976 2368 1093 2450 euenit,
1117 2379 1152 2435 ut
1170 2393 1249 2436 non-

158 2477 267 2541 nullae
297 2476 450 2561 epistulae
480 2477 518 2541 ab
540 2477 584 2541 eis
606 2477 869 2562 seiungerentur,
904 2478 1092 2562 quibuscum
1122 2480 1250 2546 coniun-

157 2587 286 2674 gendae
310 2587 422 2650 erant?
464 2587 570 2651 Potuit
590 2609 666 2651 sane
686 2610 760 2653 casu
784 2588 929 2653 accidere
953 2598 988 2652 ut
1002 2587 1036 2653 in
1058 2590 1250 2677 conligendo

106 2770 109 2775 ,
159 2696 216 2762 uol
237 2697 318 2760 haee
340 2692 395 2761 uel
415 2695 470 2759 illa
492 2696 626 2782 epistula
648 2716 737 2760 suam
760 2696 928 2781 regionem
949 2690 1155 2783 relinqueret,
1177 2684 1250 2765 alisss

158 2824 230 2871 rum
251 2814 377 2892 peteret
404 2844 448 2854 —-
477 2805 536 2869 sed
564 2827 698 2891 quanam
726 2804 948 2891 probabilitate
971 2807 1067 2871 octies
1090 2808 1152 2872 tale
1176 2808 1251 2893 quid

158 2914 269 2979 librari
291 2914 449 3000 permissu
471 2914 588 2979 laetum
611 2936 683 2978 esse
710 2914 895 2979 sumemus?
941 2914 1055 3001 Neque
1080 2927 1170 2982 erant
1189 2919 1251 2982 sin·

165 3021 258 3105 gulae
280 3022 453 3106 epistulae,
485 3044 564 3107 quae
590 3022 725 3087 omissae
756 3021 809 3086 alii
839 3024 911 3086 loeo
933 3023 1164 3106 insererentur,
1193 3026 1252 3090 sed

164 3128 236 3211 plus
258 3133 357 3196 semel
378 3132 526 3217 quinque,
549 3152 618 3212 sex,
640 3129 799 3195 undecim.
842 3129 986 3214 Deinde,
1018 3132 1044 3196 si
1067 3133 1151 3198 casui
1172 3135 1254 3200 hanc

103 3254 106 3259 ·
164 3237 284 3303 ordinis
305 3240 577 3325 perturbationem
596 3239 779 3322 tribuimus,
812 3238 911 3324 qualis
935 3249 983 3304 est
1004 3240 1056 3307 hie
1080 3265 1178 3324 ossus,
1202 3243 1252 3308 eui

159 3539 239 3607 dium
265 3538 441 3608 murellum,
464 3540 495 3597 O.
512 3540 545 3595 F.
569 3540 705 3599 minorem
726 3541 839 3596 missam
861 3558 921 3597 esse
947 3541 990 3611 (id
1013 3543 1086 3612 quod
1112 3541 1257 3600 Ernestius

159 3637 294 3708 oonieoit)
312 3654 474 3707 persuasum
491 3638 589 3693 habeo.

236 3733 329 3804 8).le
345 3734 379 3789 X.
398 3735 485 3793 1-24
502 3735 637 3804 quaedam
655 3738 720 3790 sunt
735 3733 845 3788 Munati
862 3733 958 3805 ipsius.

236 3830 262 3900 9)
282 3828 355 3901 Epp.
373 3832 391 3888 b
409 3834 438 3885 et
456 3833 490 3887 12
508 3832 628 3885 eiusdem
646 3830 711 3886 libri
729 3829 833 3899 Sulpici
851 3835 925 3900 sunt,
942 3848 996 3901 qua
1014 3814 1098 3885 dere
1114 3831 1186 3886 Infra
1203 3830 1258 3886 dis·

157 3926 332 3997 putabimus.
621 3968 626 3983 .

235 4022 279 4092 10)
296 4021 394 4093 Neque
412 4022 486 4076 enim
502 4021 560 4076 ullo
577 4021 661 4077 modo
678 4021 827 4091 diseernas,
844 4027 939 4077 utrum
949 4020 1100 4090 hio'litius,
1120 4022 1157 4077 sd
1175 4040 1258 4092 quem

158 4135 207 4187 ep.
217 4115 251 4173 V.
258 4118 293 4173 16
312 4116 391 4173 misIt
409 4116 514 4185 Oioeuo,
531 4117 607 4173 idem
623 4118 661 4171 sit
678 4122 761 4188 utque
779 4118 835 4186 ille,
853 4117 889 4171 ad
910 4135 992 4186 quem
1011 4116 1201 4189 scripsitXIII.
1213 4120 1258 4187 58,

159 4230 201 4269 an
219 4211 255 4264 ud
273 4228 356 4280 quem
373 4212 445 4267 XIII.
465 4215 509 4281 75,
527 4230 564 4269 an
582 4212 683 4269 tertius
703 4215 811 4284 uliquis.
