3038 4786
700 299 819 389 ,14

247 479 393 565 testibus)
414 487 449 543 et
468 478 604 564 singulis
625 478 768 566 ep'nnrlis
789 481 895 547 sdlm
920 480 1054 547 seruatis
1075 480 1229 566 inscripta
1250 479 1340 545 inue-

246 588 380 654 niuntur.
421 585 615 673 Diuulgstos
634 586 734 673 igitur
756 588 833 653 olim
854 590 1009 674 legebant
1030 587 1194 656 Ciceronis
1318 590 1321 595 ⁴

316 696 358 761 ad
378 694 547 762 Caesarem
570 694 626 760 lib.
656 694 724 777 III,
767 718 853 762 nune
872 697 1011 781 legimus
1034 698 1056 761 l.
1076 696 1152 764 VIL
1165 698 1259 783 epb,

330 853 346 887 n
446 852 464 885 n
582 853 599 886 a
665 852 681 887 n
786 854 802 887 n
929 853 946 886 n
1030 805 1192 889 offla
1230 806 1342 890 15⁸4»

326 961 343 995 „
374 911 518 977 Caesium
531 911 588 976 lib.
597 911 801 998 complur„
928 961 944 995 „
1006 956 1046 995 ·„
1076 914 1193 995 ΧΠ.ᾗ
1230 915 1318 998 leq,

670 1070 801 1105 „
930 1022 1365 1106 „XV.,14,*

325 1071 343 1212 Ξ
374 1070 563 1216 Poiripeiuni
582 1131 637 1197 lib.
659 1133 739 1214 IIII,
783 1180 800 1215 ,
927 1182 944 1216 ,
1029 1183 1046 1217 ,
1112 1134 1151 1199 V.
1175 1174 1203 1211 »ι
1224 1134 1253 1196 7.

242 1240 363 1325 Itaque,
384 1249 419 1304 ut
438 1249 563 1305 utamur
584 1241 640 1322 eis,
666 1263 747 1326 quae
769 1242 1177 1325 modo‘demonstrsuimus,
1198 1263 1259 1328 pro
1280 1261 1335 1306 ex·

244 1348 361 1434 cerptIs
384 1348 522 1414 habendi
543 1358 616 1413 sunt
636 1349 711 1415 libri
724 1348 765 1431 V,
790 1349 863 1432 VH,
885 1350 964 1433 XII,
986 1351 1081 1433 XIII,
1104 1350 1177 1415 XV.
1209 1348 1333 1416 Eodem

242 1464 318 1524 sane
338 1459 418 1541 iure,
441 1459 468 1522 si
490 1480 624 1543 quorum
637 1459 766 1524 nomina
784 1460 989 1547 inscriptaet
1013 1460 1157 1547 epistulis
1174 1460 1228 1525 diu
1241 1460 1334 1525 amis-

103 1577 105 1583 '
240 1568 283 1632 sis
305 1567 502 1652 grammatici
521 1569 649 1633 tradunt
668 1577 700 1633 et
719 1568 824 1634 adhuc
843 1569 1064 1655 superstitibus
1086 1568 1331 1654 nunalegimus,

241 1676 297 1742 has
322 1676 471 1763 epistulas
486 1699 528 1741 ex
549 1677 693 1742 eiusdem
710 1666 798 1742 morli
820 1677 911 1742 libris
930 1679 1045 1744 electas
1060 1699 1131 1744 esse
1146 1687 1333 1758 statuemus,

242 1787 301 1852 sed
323 1787 385 1852 hoc
405 1808 471 1851 non
493 1785 576 1854 cadit
602 1786 664 1851 nisi
693 1787 727 1850 in
750 1787 881 1852 eosdem
909 1788 1048 1873 quinque
1066 1788 1183 1869 libros,
1219 1785 1333 1871 quibus

241 1918 318 1960 num
340 1905 468 1982 quartus
491 1896 633 1961 decimus
655 1894 822 1961 addendus
848 1896 889 1961 sit
910 1896 1037 1978 dubito,
1071 1918 1143 1962 cum
1164 1893 1333 1961 Terentiae

243 2027 361 2079 nornen
381 2006 436 2091 (ed
459 2028 553 2091 quarn
575 2006 711 2091 scriptus
746 2015 794 2071 est
822 2005 875 2071 hle
901 2005 998 2092 liber)
1030 2006 1116 2091 apud
1136 2004 1329 2070 Diomedem

243 2118 313 2201 (pg.
325 2115 396 2181 375.
415 2115 454 2179 27
479 2115 530 2179 ed.
546 2113 650 2201 Keil.)
673 2115 853 2180 coniectura
872 2123 1002 2196 tantum,
1026 2115 1085 2179 etsi
1103 2112 1258 2200 speciosa,
1279 2131 1328 2176 re-
1393 2192 1398 2197 Ι

241 2224 382 2289 stitutum
402 2244 472 2288 esse
492 2222 677 2288 uiderimus.
721 2222 826 2303 Quam
847 2225 889 2288 ob
903 2245 1043 2302 caussam
1058 2223 1091 2286 in
1112 2231 1220 2287 nostre
1236 2242 1331 2307 argu·
1351 2314 1354 2319 y

241 2331 432 2398 mentatione
452 2332 584 2397 missum
605 2352 678 2396 eum
700 2332 859 2398 faciamus.
881 2331 949 2399 Sed
973 2332 1102 2397 aliunde
1118 2320 1239 2417 aliquid
1257 2352 1330 2418 pro·

242 2440 396 2506 ficiemus.
445 2440 533 2505 inter
555 2441 628 2505 illos
655 2441 740 2506 enim
762 2442 815 2527 qui
835 2462 896 2527 pro
916 2441 1076 2527 excerptis
1097 2441 1238 2508 habendi
1258 2449 1333 2504 sunt

241 2548 341 2625 libros
366 2556 399 2614 et
417 2548 531 2613 tertius
557 2548 698 2613 decinuss
726 2558 774 2613 est
803 2557 834 2614 et
855 2549 980 2634 quintus
1003 2549 1163 2630 decimus,
1183 2559 1219 2614 ut
1240 2569 1334 2632 qnae·

242 2677 376 2740 cumque
398 2655 552 2741 epistulae
572 2657 622 2721 his
637 2657 763 2722 duobus
781 2656 874 2723 libris
896 2657 1105 2739 continentur,
1131 2679 1184 2722 eas
1198 2658 1333 2723 seleotrs
1389 2655 1393 2663 ’

241 2787 312 2830 esse
331 2765 564 2851 intellegamus.
591 2802 593 2816 ι
618 2764 707 2846 Quid
726 2765 857 2831 autem?
889 2766 1020 2831 eosdem
1049 2766 1148 2832 libros
1172 2767 1333 2854 epistulas,

242 2874 359 2958 quibus
384 2873 470 2940 idem
491 2895 609 2939 nomen
636 2897 673 2939 ae
697 2872 885 2958 quibusdam
916 2873 1059 2961 epistulis
1090 2873 1180 2940 libris
1208 2871 1331 2938 I-XIl

238 2982 364 3048 insertis
386 2983 572 3070 inscriptum
593 2993 676 3049 esset
688 2984 887 3065 ,continere
908 2983 1046 3049 uidimus
1068 3020 1108 3035 -
1127 3004 1233 3049 nonne
1256 2983 1331 3048 hinc

237 3091 389 3176 sequitur,
412 3101 448 3156 ut
465 3092 513 3156 illi
532 3093 607 3159 libri
629 3091 835 3180 (exI-Xll)
857 3094 998 3179 siquos
1021 3094 1084 3158 hoo
1110 3094 1249 3178 pertinet
1267 3091 1329 3154 hau

237 3199 342 3265 minus
363 3211 514 3288 excerpta
534 3203 606 3285 sint,
630 3213 725 3288 atque
743 3203 806 3287 ipsi
827 3201 908 3266 XIII
931 3211 963 3268 et
981 3201 1069 3267 XV?
1121 3199 1203 3264 Onm
1231 3197 1329 3280 igitur

237 3330 300 3394 qno
320 3310 500 3395 significatui
517 3310 614 3376 modo

320 3442 392 3487 curn
411 3419 494 3485 libre
507 3419 588 3486 XIII
602 3420 791 3484 cohaereant
804 3416 830 3500 I,
843 3419 888 3499 H,
909 3416 983 3499 IIII,
1004 3417 1043 3497 V,
1066 3413 1137 3496 VII,
1159 3415 1201 3495 X,
1273 3402 1279 3413 ’

342 3578 359 3614 ,
444 3577 461 3611 ,
510 3528 575 3593 XV
677 3575 694 3609 ,
807 3523 1078 3608 ,1111,X,X11,

235 3639 334 3706 libros
351 3640 396 3720 H,
415 3638 497 3718 IIII,
510 3637 551 3718 V,
568 3636 643 3717 VH,
668 3634 710 3714 X,
736 3635 815 3717 XII,
840 3644 871 3700 et
891 3635 978 3721 ipsos
1002 3641 1155 3718 excerpta
1178 3650 1251 3697 esse
1267 3638 1326 3694 sta·

236 3757 360 3814 memus
381 3755 521 3832 oportet,
551 3752 645 3827 atque
671 3777 711 3789 ·-
742 3742 833 3829 quasi
855 3764 944 3808 ossus
965 3764 1003 3808 ea
1022 3743 1110 3829 ipsa,
1134 3762 1215 3827 quse
1234 3738 1326 3804 rats-

236 3856 392 3923 cinntione
410 3852 565 3919 efficimus
590 3851 778 3919 confirmare
802 3852 941 3918 uoluerit
958 3890 1001 3903 --
1020 3851 1056 3916 in
1076 3849 1126 3918 his
1146 3848 1237 3916 libris
1262 3857 1327 3913 tres

193 3980 196 3989 ‘
234 3974 318 4047 sunt,
339 3985 418 4049 quos
440 3972 591 4049 excerpta
610 3983 681 4029 esse
699 3961 762 4027 iam
783 3984 879 4047 supra
900 3962 1055 4028 uidimus:
1077 3960 1218 4047 quintum
1240 3958 1324 4040 dioc,

234 4075 414 4160 septimum,
439 4074 675 4140 duodecimum.
729 4069 823 4152 Quae
847 4093 919 4138 oum
940 4074 984 4137 its
1003 4068 1272 4136 sinttestimoniis
1293 4069 1326 4132 in

234 4203 332 4267 unum
352 4186 502 4253 conlectis
523 4185 648 4251 hosce
675 4184 805 4248 libros
833 4190 1039 4270 excerpta
1067 4202 1168 4246 esse
1195 4180 1326 4244 mani·
