3038 4786
674 302 713 368 31

148 490 220 556 talia
241 484 381 555 hicillic
399 486 531 574 quidem
543 486 690 551 recidero
712 484 846 564 soleant,
869 483 948 549 ordo
962 472 1098 547 tationis
1116 489 1246 566 umque

148 599 292 684 grauiter
316 618 389 662 casu
421 614 582 679 nunquam
605 595 828 680 perturbetur3
865 612 970 677 neque
1000 590 1078 672 erit,
1100 589 1155 675 qui
1178 587 1247 674 epi-

149 707 245 773 stulas
271 704 502 792 cumprimum
525 704 766 789 conligerentur
783 702 816 767 in
837 723 929 765 suum
949 699 1078 785 quidem
1099 688 1247 762 ordinem

148 815 294 881 redactas
314 813 375 878 sed
395 813 428 877 in
448 812 519 899 ipso
543 810 742 878 conficiendo
763 810 878 896 primo·
891 805 1068 895 exemplari
1100 806 1247 872 contusas

150 944 226 988 esse
242 932 349 1008 putet,
381 943 453 988 cum
482 922 543 985 hac
564 919 777 1007 explicatione
809 940 874 982 uon
902 925 966 982 tam
989 938 1130 981 caussam
1153 937 1247 1001 quam

150 1040 275 1117 tenipus
299 1028 546 1116 perturbationis
569 1037 678 1114 mutet.
729 1026 780 1091 Ne
811 1026 925 1091 multer
954 1018 1072 1089 tuntum
1102 1027 1192 1089 abest
1210 1032 1248 1087 ut

150 1140 305 1226 epistulae
327 1141 371 1205 'ad
394 1139 533 1205 Atticum
557 1161 631 1204 cura
659 1139 795 1224 quadam
823 1148 854 1203 et
883 1159 981 1225 opera
1015 1137 1155 1203 adhibita
1176 1136 1247 1202 dili-

152 1247 322 1333 genterin
341 1245 494 1310 'ordinem
516 1244 666 1310 redactae
690 1245 768 1325 sint,
783 1253 838 1308 ut
857 1264 920 1329 quo
943 1245 1040 1308 modo
1062 1243 1119 1308 ille
1142 1232 1194 1311 eas
1213 1240 1248 1308 in

148 1356 274 1422 scriniis
298 1344 440 1420 conditas
463 1363 671 1439 seruatasque
682 1353 854 1436 habuisset,
877 1352 1029 1438 deinceps
1052 1352 1115 1416 sint
1128 1352 1247 1417 descri-

149 1474 234 1552 ptae.
277 1464 343 1529 lam
362 1465 452 1529 unde
473 1463 615 1536 uenerit,
650 1472 685 1526 ut
713 1461 869 1547 quaedam
893 1461 1049 1546 epistulae
1071 1461 1247 1526 secundum

47 1592 53 1601 ·
151 1573 249 1656 diem,
274 1574 337 1658 qu'o
359 1593 505 1658 quaeque
527 1571 644 1656 scripta
663 1576 725 1651 est,
758 1569 992 1655 procederent,
1026 1569 1106 1635 aliae
1127 1569 1248 1635 ordinis

148 1702 282 1767 prorsus
305 1681 425 1746 nullam
448 1680 602 1745 rationem
624 1680 797 1760 haberent,
830 1678 1063 1766 perspicimus,
1087 1678 1248 1744 camillas

149 1795 302 1881 epistulas
323 1795 448 1859 Atticus
470 1804 638 1880 postquam
662 1814 715 1857 eas
739 1793 914 1879 accepisset
934 1792 1037 1857 statim
1059 1792 1143 1879 apud
1166 1802 1249 1858 cete·

148 1926 197 1970 ras
221 1903 419 1990 deposuerit,
442 1903 498 1968 bas
523 1902 633 1967 nescio
657 1920 721 1988 quo
743 1925 816 1967 casu
838 1902 1010 1989 impeditus
1032 1911 1249 1967 seruatasuna

22 2082 27 2097 ,
150 2032 220 2079 eum
244 2013 315 2078 eliis
338 2012 535 2093 condiderit,
566 2022 601 2076 ut
621 2011 713 2076 facile
737 2014 1011 2098 perturbarentur.
1060 2010 1151 2077 Haec
1172 2019 1250 2097 puto

151 2122 268 2187 sennia
293 2123 433 2186 Atticum
469 2120 606 2187 librariis
639 2120 819 2185 tradidisse.
874 2120 984 2205 Itaque
1005 2142 1071 2184 non
1092 2140 1250 2205 gramma·

150 2229 201 2296 tici
228 2229 381 2317 epistulas
406 2229 548 2295 edendas
573 2230 606 2294 in
629 2229 776 2295 ordinem
788 2229 998 2314 redegerunt,
1021 2228 1250 2295 sederetis:

151 2339 278 2425 polae
298 2339 404 2426 potius
429 2360 502 2419 eas,
532 2346 602 2403 utut
624 2361 696 2404 casu
717 2358 753 2402 se
776 2338 998 2425 excipiebant,
1021 2337 1249 2405 describendas

153 2454 356 2513 curauerunt.
409 2444 509 2528 Quod
538 2445 581 2510 ita
600 2446 699 2511 tuisse
722 2444 961 2526 Tunstallus⁴⁹)
983 2445 1163 2527 confirmat,
1196 2447 1254 2531 qui·

155 2554 313 2641 exemplis
333 2554 483 2641 epistulas
505 2575 573 2620 non
590 2574 631 2620 eo
650 2555 766 2619 ordine
787 2548 867 2620 sese
883 2555 1035 2641 excipere
1057 2555 1251 2621 demonstra-

155 2664 209 2746 uit,
233 2685 296 2749 quo
315 2662 429 2732 Cicero
451 2685 504 2730 eas
525 2663 661 2749 scripsit,
686 2663 744 2729 sed
761 2685 825 2749 qno
835 2663 941 2728 Attico
963 2663 1097 2729 traditae
1117 2673 1255 2730 sunt.-·
1291 2676 1295 2681 '

157 2767 245 2848 Quid
265 2780 385 2852 autem,
416 2771 443 2839 si
465 2792 507 2836 ne
529 2771 637 2836 Attico
655 2770 789 2855 'quidem
812 2770 934 2835 homini
956 2772 1191 2838 accuratissimo
1220 2782 1254 2837 et

160 2875 413 2962 diligentissimo,
436 2901 498 2965 quo
522 2879 598 2945 uiuo
623 2900 697 2965 epp.
719 2879 760 2943 ad
782 2879 848 2943 Ast„
871 2880 977 2945 editae
997 2882 1134 2968 sunt⁶⁰),
1157 2902 1253 2947 curas

162 2982 237 3066 fuit,
260 2997 295 3053 ut
314 2988 391 3055 illue
415 2987 571 3073 epistulae
591 2988 627 3052 in
652 3008 745 3053 suum
775 2987 923 3053 ordinem
945 2999 1179 3075 reponerentur
1210 3028 1254 3041 -

160 3092 208 3159 eui
236 3096 362 3161 tandem
384 3096 460 3162 talia
487 3095 575 3163 cordi
598 3095 698 3163 tuisse
724 3095 843 3181 putes?
885 3093 972 3162 Num
996 3095 1138 3163 Caeliis?
1175 3119 1254 3162 uum

158 3198 376 3271 Curionibus?
399 3227 476 3269 num
496 3202 703 3269 Dolabellis?
745 3202 917 3269 Neminem
939 3205 994 3269 illo
1016 3215 1160 3292 tempore
1178 3206 1254 3271 talia

155 3331 284 3376 curasse
307 3311 535 3397 intellegimus,
559 3334 629 3378 cum
643 3312 795 3399 epistulas
818 3335 884 3377 non
899 3322 962 3378 tam
976 3313 1135 3397 historiae,
1159 3337 1253 3401 quam

153 3418 332 3487 lucernum
362 3421 592 3507 hominumque
620 3421 727 3487 studio
763 3422 894 3508 impulsi
928 3422 1086 3509 legerent.
1142 3423 1253 3511 Itaque

154 3527 384 3614 epistulas,
406 3530 493 3595 unde
517 3550 589 3619 epp.
603 3532 643 3596 ad
666 3531 845 3613 familiares,
870 3552 946 3619 quas
968 3533 1111 3616 dicimus,
1134 3533 1254 3599 electae

152 3648 249 3719 sunt,
294 3647 333 3703 et
370 3638 485 3725 ipsas
518 3639 859 3726 bibliopolarum
898 3630 1257 3727 librariorumque·
1311 3652 1315 3659 ’

154 3767 252 3810 cura
273 3750 495 3814 conlectae
520 3759 639 3837 atque
665 3750 909 3836 diuulgatas
930 3770 1024 3816 esse
1045 3752 1253 3817 summeiure

154 3899 352 3913 -—-———-—-

223 4001 276 4070 set
288 4000 418 4071 Epistola
439 4001 475 4056 ad
491 3999 650 4059 Middleton
670 4002 809 4072 (Cantabr.
829 4004 908 4074 1741)
926 4022 973 4077 pg.
984 4006 1025 4063 13.
1045 4023 1068 4061 e.
1087 4023 1113 4079 q.
1133 4023 1155 4061 s.
1215 4082 1218 4093 ¹
1246 4055 1250 4065 ,

225 4097 271 4165 bb)
292 4096 331 4151 Cf.
350 4095 468 4168 Nepotis
486 4098 562 4154 uitae
581 4098 672 4154 Attici
692 4102 733 4155 16.
752 4101 770 4155 3
789 4106 818 4154 et
834 4104 883 4169 19,
911 4101 1127 4171 quaequetunc
1148 4101 1182 4157 ds
1200 4086 1268 4158 hbe,-

150 4188 215 4244 loeo
233 4190 448 4264 dispuammua
710 4206 714 4213 ‘
950 4205 954 4213 ’
1057 4202 1060 4211 “
1096 4198 1098 4205 “
