3038 4786
338 298 458 360 ”²
494 334 615 398 '²'-
667 318 834 418 fiscau

272 536 361 601 sima.
414 533 535 615 Quarto
559 534 697 618 denique
721 537 792 602 looo
815 537 1015 605 Hofmannus
1037 540 1086 604 his
1109 541 1218 628 pergit
1239 541 1368 608 uerbis:

167 649 169 653 ’
265 644 351 727 ,dass
375 644 504 709 endlich
526 668 581 710 aus
611 644 674 710 den
706 669 765 715 uns
794 670 855 712 nur
878 649 952 713 dem
976 648 1101 716 Nomen
1123 651 1204 719 nach
1226 652 1368 717 bekannt

265 753 486 840 gewordeneu
508 752 758 842 Sammluugen,
793 757 826 821 in
854 757 960 822 denen
981 758 1099 844 gewiss
1131 760 1217 825 viole
1250 761 1367 827 hochst

266 863 534 949 ausgozeichuete
546 864 655 930 Briefe
671 864 738 931 sich
751 865 880 948 fenden,
893 867 1208 955 verhtltnissmltssig
1228 890 1288 941 nur
1299 891 1364 934 we-

267 973 354 1060 nige‘,
376 973 443 1038 und
464 997 520 1039 aus
545 975 609 1039 den
631 974 762 1041 Briefen
784 974 959 1042 cuAttions
981 977 1047 1040 und
1073 976 1209 1059 Quintus
1235 978 1363 1060 Cicero,

267 1083 369 1148 deren
391 1082 544 1169 Vorzligc
571 1082 630 1148 wir
657 1107 713 1150 cus
744 1085 857 1169 signer
878 1083 1098 1172 Anschcuung
1126 1087 1271 1169 lennen,
1303 1109 1365 1173 gor

268 1191 363 1257 keine
382 1191 415 1256 in
436 1213 533 1257 unsre
557 1190 749 1277 Sammlung
771 1195 1020 1278 ausgenommen
1042 1194 1138 1264 sind!
1185 1194 1254 1264 Sed
1285 1196 1364 1282 qnid

266 1298 392 1381 mirum,
413 1302 500 1386 quod
521 1302 559 1382 is,
584 1321 678 1386 quem
699 1309 746 1365 tot
762 1301 861 1367 libros
882 1302 1083 1389 excerpsisse
1104 1304 1261 1385 uidemus,
1283 1326 1363 1373 uon-

266 1410 371 1476 nullos
384 1410 631 1496 praetermisit?
668 1410 783 1477 Multas
805 1433 861 1477 our
880 1411 942 1477 hoc
963 1412 1079 1477 foetum
1101 1413 1142 1493 sit
1160 1435 1286 1479 caussas
1303 1413 1363 1480 fln-

269 1541 349 1605 gere
369 1540 557 1605 possumns3
577 1520 846 1606 potueruntenim
872 1519 948 1585 illae
963 1519 1119 1606 epistulae
1141 1519 1174 1584 in
1197 1521 1364 1586 consilium

267 1628 335 1693 eius
357 1649 422 1693 non
444 1627 611 1713 quadrare,
635 1638 807 1717 potuerupt
827 1630 900 1715 plus
915 1630 1169 1717 quadringentae
1191 1651 1267 1716 quas
1290 1652 1364 1695 oon·

265 1737 392 1822 legerat
416 1737 445 1801 ci
467 1737 540 1801 satis
563 1759 644 1802 esse.
688 1736 775 1818 Quid
800 1738 827 1802 si
850 1738 922 1805 illos
945 1739 1046 1804 libros
1067 1760 1244 1825 excerpere
1274 1739 1302 1803 ei
1322 1759 1365 1803 ne

266 1844 398 1930 contigit
420 1844 575 1929 quidem?
609 1845 685 1929 quid
705 1845 746 1927 ,si
776 1866 830 1910 eos
864 1844 934 1931 ipso
959 1845 1104 1931 possedit
1128 1844 1232 1932 (quod
1253 1844 1286 1909 in
1311 1866 1362 1937 ep.
1486 1894 1487 1915 ,

265 1954 306 2019 sd
320 1952 429 2034 Quint.
450 1955 489 2017 fr.
514 1952 605 2017 etad
629 1953 725 2018 Attio.
749 1954 864 2018 cadere
885 1956 999 2040 puto),
1024 1961 1059 2017 ut
1082 1975 1138 2018 cur
1159 1975 1202 2018 ex
1224 1953 1271 2019 eis
1295 1953 1361 2040 epi-

265 2062 363 2126 stulas
386 2070 528 2126 sumeret
549 2084 614 2126 non
641 2060 751 2126 esset?
808 2060 895 2142 Quid
918 2061 946 2126 si
967 2083 1047 2147 ques
1069 2062 1221 2147 excerpts
1242 2072 1361 2147 tempo·

267 2192 339 2239 rum
358 2169 523 2256 iniquitate
545 2171 734 2258 perierunt?
760 2171 858 2251 Quod
878 2170 1210 2256 deniqneHolmsuno
1231 2192 1281 2258 ep.
1290 2171 1361 2236 Ἠ

268 2289 303 2345 ut
324 2279 379 2345 ille
407 2301 501 2364 quum
524 2278 640 2347 Cicero
667 2279 707 2345 de
736 2280 898 2345 consulatu
930 2300 988 2344 suo
1012 2278 1164 2366 Pompeio
1191 2280 1294 2362 misit,
1324 2290 1364 2345 et

267 2390 336 2475 ipsa
357 2389 389 2452 in
413 2397 601 2476 excerptum
623 2389 822 2476 reciperetur
845 2387 1005 2473 flagitasse
1028 2387 1170 2453 uidetur:
1193 2389 1274 2454 hanc
1296 2389 1362 2474 epi·

266 2498 380 2568 stulam
404 2498 442 2562 V.
464 2499 482 2561 7
506 2498 599 2564 etiam
622 2502 754 2564 absente
777 2497 831 2562 ills
854 2497 1082 2584 intellegimus,
1104 2498 1221 2562 multus
1242 2499 1280 2563 ed
1303 2496 1362 2562 At-

268 2607 364 2673 ticum
388 2608 525 2693 scriptas
548 2630 613 2672 non
630 2607 705 2672 satis
730 2606 973 2692 intelleguntur,
993 2627 1056 2673 uec
1076 2628 1155 2671 uero
1177 2606 1273 2673 Attici
1295 2606 1361 2692 epi·

194 2746 196 2753 ’
264 2717 362 2783 stolus
385 2739 522 2801 uuquam
538 2716 717 2803 diuulgatas
742 2738 812 2782 esse
839 2717 899 2782 erit
920 2716 974 2801 qui
996 2724 1094 2807 putet.
1117 2714 1286 2781 Praetereo
1305 2714 1361 2777 ills

266 2847 358 2912 qnam
389 2825 590 2891 Holmonnus
623 2826 784 2892 desiderat
805 2825 939 2912 epistula
975 2826 1109 2891 fortasse
1150 2825 1204 2890 uel
1231 2829 1361 2910 propter

265 2933 501 3022 longitudinem
523 2943 653 3022 recepte
672 2956 737 2998 non
761 2942 808 2998 est
832 2936 885 3020 (ef.
907 2933 1006 3000 schol.
1030 2933 1096 3000 Oic.
1121 2933 1202 3000 Bob.
1227 2954 1280 3018 pg.
1294 2929 1357 2995 270

267 3043 343 3111 012:
363 3064 440 3126 ,uon
463 3043 660 3110 mediocrem
681 3043 722 3108 ed
744 3042 841 3108 instar
863 3042 1036 3108 uoluminis
1058 3043 1246 3130 seriptem‘).

350 3150 442 3232 Quae
462 3150 636 3216 llofmuuni
666 3151 867 3217 coniecturae
896 3142 992 3236 (epp.¹
1014 3149 1055 3214 ad
1084 3149 1157 3214 iam.
1187 3158 1261 3215 ante
1288 3148 1362 3214 illos

265 3258 437 3345 ampliores
457 3258 556 3326 libros
581 3259 681 3323 editas
703 3278 775 3323 esse
790 3261 892 3345 putat)
915 3265 1106 3345 repugnant,
1131 3280 1168 3323 ea
1189 3278 1286 3343 supra
1306 3278 1362 3321 ex·

265 3366 416 3456 plicuisss
439 3366 515 3433 mihi
533 3367 648 3433 uideor
676 3367 731 3453 (cl.
753 3376 881 3454 praeter
902 3376 1009 3432 cetera
1031 3387 1113 3453 quae
1139 3367 1180 3430 de
1203 3363 1362 3452 dissipetis

267 3476 423 3560 (laesuris,
447 3476 547 3560 Cassi,
569 3476 704 3543 eliorum
726 3477 888 3564 epistulis,
918 3476 960 3542 de
982 3476 1103 3543 ratione
1127 3497 1188 3561 qua
1214 3474 1362 3561 diuulga-

266 3598 317 3653 tae
340 3597 422 3668 suut,
445 3586 487 3651 de
508 3584 591 3652 libro
615 3587 707 3652 tertio
731 3587 857 3654 decimo
879 3585 1067 3674 disputaui).

695 3879 938 3889 Μ

512 4237 665 4251 ...μω-.-

571 4266 699 4332 Bonnue,
718 4263 815 4319 formis
833 4262 924 4318 Caroli
943 4263 1054 4333 Georgi.
