3038 4786
711 298 752 365 15

182 480 333 547 fastum
354 488 431 544 est:
453 479 512 558 11,-
536 479 649 559 IIII,
673 478 712 559 V,
735 477 831 560 VII,
851 478 901 560 X,
922 479 1021 561 XII,
1044 478 1170 563 XIII,
1193 479 1276 546 XV.

183 589 292 654 Restat
314 598 350 653 ut
370 589 413 653 de
437 587 550 653 ceteris
572 587 662 656 libris
686 609 760 674 epp.
782 588 823 652 ad
843 589 916 653 fam.
936 588 1112 667 uideamus.

262 696 331 764 Sed
352 697 387 761 in
409 696 457 762 his
475 697 646 763 tractandis
677 697 747 762 sola
767 696 1007 763 ratiocinatione
1035 696 1201 762 confidere
1223 696 1278 762 de·

181 807 312 887 bemus,
344 827 416 872 cum
448 807 652 891 antiquorum
675 807 867 891 scriptorum
894 805 1091 888 testimonia,
1125 805 1279 892 aquibus

184 914 289 980 adhue
308 914 468 1001 proficisci
498 915 602 997 licuit,
625 938 683 980 nos
704 915 766 980 iam
791 916 949 980 deserant.
993 912 1118 982 Scimus
1141 913 1278 981 saneCi-

183 1044 334 1089 ceronam
362 1023 404 1088 ad
434 1024 551 1089 multos
580 1025 666 1089 uiros
698 1024 767 1109 (uel
795 1023 854 1088 hos
888 1024 975 1111 ipsos
1002 1025 1042 1089 ad
1073 1023 1278 1110 Ciceronem)

185 1134 295 1218 plures
318 1132 468 1219 epistulas
488 1132 637 1214 dedisse,
669 1130 768 1216 quam.
790 1132 832 1197 ad
862 1154 921 1197 nos
952 1142 1187 1219 peruenerunt,
1220 1131 1279 1197 sed
1309 1166 1311 1171 ·

183 1263 258 1306 num
280 1241 357 1306 inde
378 1243 532 1328 sequitur,
555 1251 590 1306 ut
610 1242 743 1308 eaedem
761 1242 946 1328 diuulgatae
966 1242 1051 1309 sint?
1093 1241 1201 1307 Potuit
1214 1242 1277 1307 hau

184 1349 282 1415 dubie
299 1350 380 1432 fieri,
405 1349 465 1415 sed
485 1350 561 1415 item
571 1359 744 1437 potuerunt
756 1351 873 1416 multae
891 1373 963 1416 esse
978 1373 1116 1433 caussae,
1140 1372 1197 1416 cur
1212 1350 1279 1436 epi·

183 1459 336 1525 stulmum
359 1459 498 1524 editores
524 1460 579 1524 uel
599 1459 804 1524 basuelillas
818 1460 939 1525 litteras
959 1460 993 1523 in
1015 1459 1157 1524 edendos
1180 1459 1279 1524 libros

183 1566 330 1651 recipere
350 1567 482 1650 nollent,
506 1590 583 1653 quas
606 1589 730 1634 caussas
753 1567 813 1634 sibi
834 1568 967 1653 quisque
984 1568 1065 1655 ipse,
1088 1568 1115 1633 si
1129 1567 1277 1654 placebit,

184 1677 295 1763 finget.
337 1677 499 1758 Attamen,
523 1680 617 1750 etiam
637 1676 665 1741 si
685 1678 724 1742 ab
746 1677 806 1742 hae
827 1676 956 1762 quidem
985 1686 1077 1763 parts
1097 1677 1177 1743 nihil
1200 1677 1278 1743 corti

187 1785 406 1851 demonstrare
438 1808 607 1872 possumus
614 1835 624 1868 ,
658 1786 829 1852 duodecim
853 1785 974 1871 primos
1003 1786 1104 1852 libros
1132 1808 1204 1872 epp.
1236 1785 1279 1850 sd

188 1892 258 1958 lam.
281 1914 391 1959 omnes
414 1895 621 1980 excerpendo
644 1903 730 1960 ortos
755 1916 827 1961 esse
847 1916 979 1982 prorsus
999 1894 1194 1960 uerisimile
1219 1902 1277 1959 est.

183 1998 235 2065 Ex
258 2000 428 2067 duodecim
459 2003 544 2068 enim
572 2003 663 2069 libris
694 2003 858 2069 dimidiam
878 2012 1001 2088 partem
1031 2012 1184 2090 excerpta
1206 2022 1282 2068 esse·

185 2119 306 2175 constat
327 2132 446 2196 eosque
467 2106 510 2176 ita
521 2159 532 2195 ,
556 2121 592 2176 ut
612 2111 740 2177 bilibri
760 2135 826 2177 non
848 2113 929 2178 alter
951 2112 1084 2178 alterum
1107 2111 1278 2199 excipiant,

187 2218 285 2285 eeteri
307 2221 421 2307 stipsi
442 2219 526 2285 inter
545 2242 581 2286 so
604 2220 764 2287 coniunoti
786 2222 863 2305 sint,
893 2222 953 2287 sed
974 2221 1017 2286 ita
1038 2232 1073 2287 ut
1091 2244 1152 2308 per
1176 2231 1277 2287 totum

187 2328 256 2393 fere
279 2350 395 2414 corpus
417 2329 685 2415 singulos-libros
715 2330 893 2416 dequibus
922 2332 1046 2419 agimus
1074 2331 1193 2417 singuli
1216 2331 1278 2414 ¹qui

187 2447 340 2522 excerpta
361 2447 443 2521 sunt,
464 2448 644 2524 sequantur.
687 2439 797 2525 Itaque
819 2441 952 2526 quibos
974 2462 1083 2507 omnes
1105 2441 1204 2506 libros
1227 2461 1277 2505 se·

186 2546 287 2612 lectos
309 2568 381 2611 esse
402 2556 511 2632 negat,
533 2548 560 2612 is
580 2548 636 2613 uel
655 2549 811 2615 nedemm
834 2549 890 2615 uel
909 2550 1064 2617 maiorem
1088 2549 1181 2615 etiam
1207 2569 1277 2613 cor-

185 2677 301 2739 porum
324 2677 493 2720 numerum
513 2665 616 2721 sumat
635 2678 768 2723 necesse
790 2667 838 2723 est
858 2696 897 2707 —
920 2659 980 2723 sed
1000 2680 1043 2725 ne
1064 2656 1278 2743 sanquinem

184 2785 247 2848 quo
273 2764 369 2831 modo
393 2786 528 2851 corpora
551 2788 685 2849 quorum
706 2768 794 2855 prius
815 2769 966 2854 quodque
988 2769 1151 2854 integrum
1170 2789 1276 2833 serua·

182 2882 266 2954 tum,
296 2874 431 2940 alterum
457 2875 607 2960 quodque
638 2878 845 2965 excerpendo
871 2887 975 2943 ortum
998 2888 1101 2959 esset,
1137 2879 1171 2943 in
1193 2879 1277 2945 huna

187 2980 303 3048 mirum
324 3006 361 3049 ac
384 2983 584 3070 singularem
605 2986 752 3051 ordinem
772 2988 930 3069 uenerint,
952 2989 1045 3052 nobis
1060 2988 1277 3074 persuadebit

185 3090 355 3157 Accedunt
374 3093 445 3159 alia.
465 3093 742 3162 Perturbationem
763 3096 849 3163 enim
865 3096 1082 3183 epistularum,
1104 3119 1184 3184 quae
1201 3120 1276 3181 qua·

182 3197 224 3262 lis
242 3197 285 3263 sit
305 3222 400 3287 supra
421 3203 570 3286 uidimus,
588 3203 623 3268 in
641 3204 731 3270 libris
754 3204 965 3290 primigeniis,
988 3214 1024 3270 ut
1038 3205 1101 3271 hoc
1119 3206 1278 3273 uocabulo

137 3362 139 3369 ,
182 3315 272 3389 utar,
295 3330 361 3374 non
385 3311 489 3377 solum
512 3333 578 3378 non
597 3314 772 3396 minorem,
805 3315 865 3381 sed
888 3315 982 3380 etiam
1002 3314 1157 3381 maiorem
1180 3317 1277 3382 fuisse

181 3415 275 3482 facile
297 3419 509 3505 perspicitur,
539 3421 657 3509 quippe
682 3446 754 3489 oum
783 3445 1001 3509 quaecumque
1024 3425 1179 3510 epistulae
1201 3447 1276 3511 qua·

179 3546 252 3589 rum
275 3526 375 3592 altera
396 3528 528 3594 alteram
550 3532 701 3618 excipere
723 3533 832 3599 debuit
844 3555 930 3598 nunc
946 3533 1117 3599 interiectis
1138 3534 1207 3600 aliis
1230 3534 1276 3600 di·

160 3634 340 3699 rimuntur
362 3635 491 3722 longius
522 3639 616 3704 etiam
640 3642 799 3708 seiunctae
822 3641 959 3726 luerint,
990 3644 1018 3707 si
1040 3644 1276 3708 interiectarum

180 3763 333 3808 numerus
369 3746 489 3833 etipse
510 3749 611 3814 maior
632 3748 754 3816 fuisset.
798 3733 895 3834 Quod
926 3753 952 3816 si
982 3755 1025 3818 ita
1047 3762 1094 3818 est
1125 3752 1275 3839 epistulas

180 3849 251 3917 illas
273 3874 344 3919 cum
368 3854 506 3938 primum
528 3857 712 3945 diuulgatae
734 3870 822 3943 sunt,
856 3883 969 3948 parum
997 3884 1090 3928 curae
1106 3861 1275 3949 ‚studiique
1358 3857 1359 3860 ¹

180 3961 323 4028 adhibito
346 3965 505 4032 conlectos
530 3987 601 4033 esse
620 3968 781 4051 uidemus,
801 3978 839 4035 ut
856 3992 1026 4037 numerum
1046 3972 1153 4060 potius
1174 3973 1274 4037 edito-

179 4092 232 4135 res
252 4093 346 4158 quam
368 4074 514 4141 ordinem
529 4077 654 4162 aliaque
673 4078 766 4144 huius
779 4079 867 4146 modi
888 4081 1110 4168 spectauerint.
1153 4080 1273 4166 ltaque,

181 4204 253 4246 eum
281 4185 549 4280 quamplurimas
578 4187 727 4272 epistulae
757 4211 931 4275 equoque
961 4190 1128 4277 petierint,
1155 4212 1274 4276 nequa·
