3038 4786
785 293 825 359 16

262 493 355 557 quam
375 472 658 557 uerisimilem,
682 496 737 541 eos
770 488 867 563 saepe
894 485 957 542 tam
987 497 1103 562 pausas
1128 478 1280 564 epistulas
1302 500 1354 546 oo-

260 602 340 667 gere
361 582 504 668 potuisse
521 583 654 668 scriptas
682 584 724 649 ad
744 586 850 668 uiros,
884 585 1072 669 quibusoum
1097 584 1246 652 Cieoroui
1276 590 1357 653 mulss

260 698 326 756 tum
344 689 507 757 scribendi
532 713 625 756 usum
653 714 865 778 magnamque
896 692 1142 759 familiaritatem
1169 694 1268 760 fiiisse
1297 696 1355 761 soi-

260 821 340 864 mus.
369 800 472 864 Immo
493 799 563 865 illas
586 799 735 885 epistulas
758 811 789 866 et
810 801 894 888 ipsas
909 802 993 866 'olim
1014 803 1070 867 uel
1090 803 1234 889 integros
1256 803 1355 870 libros

258 906 314 972 uel
343 907 496 975 maiorem
524 908 661 994 aliquam
696 909 852 975 librorum
882 919 1007 994 partem
1040 911 1185 976 effecisse
1215 911 1355 997 indeque

260 1036 336 1101 quas
360 1037 418 1081 uos
440 1016 594 1081 hebemus
618 1016 750 1083 selectas
787 1040 858 1083 esse
889 1040 1018 1083 sumere
1042 1019 1206 1086 dehemus·
1237 1056 1279 1069 —-
1306 1020 1355 1085 Ee

261 1124 392 1208 quidem
421 1125 554 1190 fortasse
577 1125 784 1209 inclinemus,
810 1136 845 1191 ut
868 1136 1017 1215 prompto
1039 1130 1142 1194 animo
1164 1129 1191 1194 si
1213 1151 1353 1214 magnus

258 1233 465 1318 epistularum
486 1249 638 1302 uumerus
659 1237 702 1300 ad
723 1236 862 1301 eundem
890 1237 994 1302 uirum
1026 1238 1142 1304 eodem
1173 1261 1256 1304 anuo
1278 1241 1354 1305 sori·

257 1351 383 1428 ptarum
403 1344 535 1410 traditus
557 1346 614 1426 sit,
648 1368 721 1410 eum
749 1343 913 1431 integrum
934 1369 1005 1412 esse
1033 1357 1179 1435 putemus
1200 1370 1266 1414 non
1286 1350 1354 1435 qui-

259 1450 334 1516 dem
356 1452 445 1517 illum
465 1452 554 1518 initio
579 1453 778 1539 diuulgatum
791 1453 842 1543 2⁷),
866 1455 925 1519 sed
939 1455 992 1539 qui
1015 1465 1115 1521 totum
1136 1456 1254 1522 librum
1279 1457 1353 1522 effe·

261 1559 456 1647 caritasque
480 1572 691 1648 quotcumque
714 1563 867 1650 epistulae
892 1563 960 1628 eius
982 1565 1055 1629 anni
1080 1564 1234 1646 fuissent,
1259 1566 1353 1631 conti*

257 1669 369 1735 uuerit
403 1669 514 1750 ‚Quod
534 1671 562 1736 si
581 1672 624 1736 ita
646 1679 730 1737 esset
744 1671 872 1757 integer
886 1672 970 1739 liber
990 1673 1023 1737 iu
1042 1683 1194 1761 exeerpta
1207 1683 1354 1761 reoeplne

260 1794 359 1865 esset3
383 1791 414 1849 at
435 1784 560 1848 obstant
581 1781 731 1868 exempla
753 1803 795 1846 ex
818 1783 863 1846 eis
885 1782 986 1865 libris,
1009 1805 1089 1869 quos
1113 1792 1266 1868 excerpta
1280 1804 1352 1847 esse

258 1901 425 1980 procerte
449 1890 584 1971 seimus,
613 1870 727 1975 petita*
768 1889 907 1957 Caderet
934 1892 1019 1956 enim
1045 1892 1124 1955 illud
1147 1890 1180 1952 iu
1201 1888 1354 1973 epistulas

260 2003 301 2069 ad
323 2000 501 2089 Sulpicium
514 1998 700 2064 Lemoniam
723 1999 831 2084 (XIII.
849 2001 1026 2088 17—28·)‚
1045 2017 1125 2083 quae
1139 2017 1249 2060 omnes
1271 2018 1354 2060 anuo

258 2109 455 2181 IOOCVIII.
475 2108 610 2195 scriptae
632 2118 706 2173 sunt
729 2146 767 2157 -
789 2110 847 2175 sed
870 2132 921 2197 ep.
937 2109 1015 2176 ΠΠ.
1036 2106 1110 2193 42⁸)
1129 2104 1247 2173 eodem
1272 2126 1354 2169 auno

259 2227 300 2290 ad
325 2225 462 2290 eundem
484 2223 556 2287 data
580 2232 636 2287 est.
659 2261 695 2275 -—
730 2223 841 2308 Itaque
864 2243 935 2286 cum
958 2237 1038 2302 quae
1059 2218 1186 2282 obstare
1205 2214 1356 2279 uidentur

259 2334 349 2401 nihili
371 2334 434 2397 siut
454 2353 590 2415 eumque
603 2352 683 2413 quae
704 2330 800 2395 modo
823 2325 1138 2394 commemorauimus
1158 2323 1266 2410 magni
1287 2345 1354 2387 mo·

259 2446 358 2511 menti
390 2466 460 2510 esse
486 2443 655 2507 uideantur
683 2463 806 2506 summo
836 2439 907 2502 iure
937 2437 1167 2504 duodeoim
1197 2437 1350 2523 primos

260 2542 399 2622 libros
424 2575 517 2639 epp.
550 2552 600 2616 ad
629 2552 722 2616 fam.
755 2568 897 2615 omnes
927 2547 1203 2633 excerpendo
1232 2556 1344 2612 ortos

260 2684 351 2729 esse
376 2670 558 2728 statuemus.

342 2771 425 2839 Cum
440 2792 519 2835 uero
533 2779 681 2836 neutrum
693 2774 916 2854 argumentum
927 2765 1150 2850 grauissimum
1164 2763 1198 2825 iu
1218 2762 1347 2825 libros

260 2883 391 2949 XIIII
427 2889 465 2946 et
483 2879 583 2946 XVI
610 2879 717 2958 cadat,
747 2875 866 2961 quippe
886 2876 940 2959 qui
960 2895 1032 2940 eum
1055 2870 1221 2935 interiecto
1242 2870 1263 2932 l.
1286 2866 1349 2932 XV

258 3013 356 3056 unum
385 3012 500 3075 eorpus
533 3011 598 3052 nou
628 2986 765 3052 efficiant
797 2984 848 3072 (ie
880 2985 965 3069 quod
992 3004 1069 3047 mox
1098 2979 1352 3064 intellegemus),

257 3122 362 3186 neque
382 3109 429 3165 est
450 3121 513 3184 quo
537 3098 788 3162 demonstremus
824 3115 879 3159 eos
903 3101 1056 3178 excerpta
1091 3111 1179 3170 esse,
1214 3109 1275 3152 neo
1297 3106 1354 3151 eur

260 3230 314 3273 eos
335 3229 394 3294 pro
415 3206 506 3273 libris
526 3204 726 3291 primigeniis
749 3205 921 3273 habeamus
934 3201 985 3283 ll).

260 3406 455 3417 Μ

330 3536 374 3604 27)
390 3535 545 3589 Potuerunt
562 3531 636 3586 euim
652 3529 743 3585 editae
763 3547 823 3585 esee
842 3530 977 3600 epistulae
995 3528 1049 3582 alio
1068 3540 1139 3582 anno
1158 3527 1293 3598 scriptae,
1318 3528 1352 3582 ef.

259 3626 292 3679 X.
313 3625 401 3678 1-24
419 3618 568 3691 (Ciceronis
587 3623 616 3672 et
624 3618 719 3673 Plauei
738 3618 811 3688 sunt)
828 3618 894 3672 anni
912 3617 1025 3672 Ieeex.
1046 3614 1209 3670 etreccxl.
1228 3632 1292 3671 oum
1308 3633 1360 3701 ep.x

260 3712 333 3767 XIII.
351 3714 386 3767 29
406 3708 441 3763 ad
458 3707 575 3761 eundem
592 3707 725 3761 Plancum
743 3726 767 3762 a.
787 3705 939 3761 mecvm.
959 3707 1051 3760 missa.

330 3807 375 3877 28)
395 3805 434 3860 cf.
453 3803 487 3857 de
509 3803 618 3858 Gruber
633 3804 651 3857 l.
663 3821 759 3858 eornm.
778 3807 859 3874 p22,
878 3821 996 3873 quocum
1015 3803 1167 3859 consentio.
1194 3801 1289 3882 Tertia
1307 3815 1353 3851 aia·

260 3904 318 3954 tarn
336 3896 457 3952 eiusdem
474 3894 540 3948 libri
555 3894 676 3964 epistula
689 3899 784 3949 utrum
801 3897 830 3947 et
840 3893 901 3961 ipsa
918 3911 942 3948 a.
953 3890 1105 3963 locetur.
1125 3910 1160 3946 an
1177 3908 1200 3946 a.
1213 3884 1352 3942 locoru.

260 3986 365 4055 seripta
382 3984 426 4051 sit,
445 3983 585 4038 euuoleari
601 3999 658 4037 non
675 3986 776 4052 potest.

273 4132 275 4137 ,
332 4083 377 4152 29)
397 4080 478 4148 Quod
487 4081 591 4135 attinet
605 4079 642 4134 ad
658 4077 846 4137 librumXIHI
862 4077 953 4148 priori
971 4077 1095 4148 opinioni
1112 4071 1268 4129 fauetKeili
1287 4086 1353 4124 aon·

262 4179 369 4235 iectura
387 4196 470 4249 supra
489 4195 588 4235 eorum.
609 4176 648 4246 (in
660 4175 787 4245 Diomed.
805 4193 851 4246 pg.
862 4176 922 4233 375.
938 4175 995 4263 27),
1014 4173 1097 4233 elteri
1113 4171 1194 4227 huius
1211 4167 1276 4223 libri
1296 4166 1353 4236 epi·
1429 4158 1431 4164 ⁸
