3038 4786
686 400 728 464 35

160 584 283 649 Atticus
305 583 417 649 ueteris
439 583 538 647 multo
551 583 672 648 facilius
692 583 844 670 epistulas
863 591 908 646 tot
933 582 1009 646 uiris
1021 584 1062 664 68)
1087 583 1196 648 misses
1225 585 1259 647 in

161 716 259 757 unum
283 712 465 777 congerere
485 700 603 778 posset.
1256 758 1259 768 A

204 799 240 867 si
266 799 366 885 igitur
388 800 429 864 M.
453 797 539 863 Tulli
562 797 716 884 epistulae
745 803 784 865 ab
808 800 877 887 ipso
900 799 1008 864 Attieo
1030 799 1190 865 eonleetae
1204 822 1257 868 ,ex

162 909 230 973 eius
252 908 379 973 officina
399 907 571 992 prodiere,r
584 907 662 972 inde
677 907 832 972 iudicium
863 908 912 972 de
933 917 1011 977 tem
1019 929 1120 993 pore
1127 955 1138 989 ,
1173 930 1254 993 quo

162 1017 263 1082 diuu
276 1017 419 1102 lgstae
441 1026 583 1081 essent
604 1018 710 1081 faeere
731 1037 917 1101 possemus3
941 1017 999 1081 sed
1014 1016 1100 1081 feliei
1117 1017 1255 1101 quodam

163 1149 237 1192 essu
259 1127 391 1211 grauius
415 1125 631 1191 testimonium
653 1125 806 1192 habemus
818 1176 828 1207 ‚
863 1148 925 1211 quo
957 1126 983 1190 si
1011 1122 1130 1190 utimur
1148 1127 1258 1213 paullo

55 1320 60 1327 .
103 1282 109 1297 1
159 1235 420 1320 seduratiusqno
440 1244 585 1321 tempore
606 1236 770 1303 conlectae
796 1235 860 1300 sint
891 1235 1048 1322 epistulae
1066 1229 1257 1303 uidebimus.

159 1343 374 1428 Epistularum
405 1344 489 1413 enim
520 1345 561 1409 ad
592 1345 733 1411 Atticum
764 1344 941 1437 'missarum¹
960 1344 1159 1430 exemplaria
1188 1366 1250 1430 quo

160 1464 305 1541 tempore
327 1453 498 1519 Cornelius
518 1452 629 1539 Nepos
661 1450 883 1539 duodeuiginti
914 1454 1016 1541 prima
1046 1454 1147 1541 eapite
1172 1455 1257 1530 uitae

162 1561 258 1627 Attici
282 1561 460 1646 composuit
488 1562 550 1626 iam
582 1561 740 1626 exstitisse
770 1561 820 1626 hie
846 1562 916 1647 ipse
937 1563 959 1626 l.
982 1584 1095 1628 eornm.
1119 1587 1145 1629 e.
1164 1562 1255 1628 XVI.

161 1675 191 1754 ξ.
213 1672 243 1735 3.
266 1680 379 1750 narrat,
403 1670 457 1736 ubi
480 1672 522 1735 de
544 1668 778 1750 familiaritate,
805 1691 885 1755 quae
906 1670 989 1735 inter
1012 1670 1200 1738 Ciceronem
1226 1683 1258 1739 et

87 1822 93 1839 ,
162 1780 304 1845 Atticum
329 1790 411 1861 erut,
436 1782 576 1845 loeutus:
605 1779 657 1863 ‚Illi
680 1780 740 1846 rei‘
767 1780 868 1866 inquit
887 1790 973 1863 ‚sunt
992 1781 1109 1847 indicio
1128 1789 1257 1869 praeter

159 1910 215 1952 eos
237 1888 354 1969 libros,
388 1887 555 1972 inquibus
581 1888 627 1973 'de
647 1909 685 1953 eo
709 1887 781 1953 saeit
802 1889 1014 1971 mentionem,
1049 1890 1101 1975 qui
1129 1890 1162 1954 in
1184 1891 1252 1954 uul-

159 2020 222 2084 gus
236 1998 278 2082 69)
303 2006 375 2061 sunt
397 1997 482 2080 editi,
506 1997 648 2062 sedecim
662 1997 702 2084 ⁷⁰)
723 1997 885 2062 uolumina
896 1998 1102 2084 epistularum
1122 2002 1161 2065 ab
1182 2022 1255 2065 eon-

160 2109 271 2171 sulatu'
285 2106 352 2172 eius
374 2128 475 2191 usque
498 2106 539 2170 ad
562 2114 740 2172 extremum
762 2098 888 2194 tempus
918 2108 958 2172 ad
985 2108 1125 2191 Atticum
1147 2108 1254 2174 misse-

158 2239 238 2280 rum.
283 2215 374 2297 Quae
398 2214 449 2301 qui
472 2218 560 2302 legat
576 2238 641 2280 non
662 2216 794 2281 multum
821 2216 983 2282 desideret
1001 2217 1165 2283 historiam
1178 2242 1253 2284 eon-

159 2334 278 2389 textam
305 2347 415 2390 eorum
436 2330 639 2410 temporum!
681 2325 744 2391 Vbi
767 2325 865 2411 igitur
887 2326 1056 2392 Cornelius
1079 2328 1160 2393 haee
1179 2320 1255 2394 s'eri·
1331 2414 1333 2421 Ι

162 2437 254 2500 beret
277 2434 428 2520 epistulas
448 2435 490 2497 ad
509 2434 650 2499 Atticum
674 2435 816 2499 nondum
839 2435 899 2516 ite,
926 2445 960 2499 ut
982 2436 1115 2520 quilibet
1136 2460 1188 2503 ees
1210 2438 1254 2501 le-

158 2564 239 2630 gere
261 2553 379 2628 posset,
402 2543 583 2630 diuulgatas
603 2545 721 2627 fuisse,
746 2536 835 2630 'quae
856 2545 906 2609 his
929 2544 1070 2630 epistulis
1093 2567 1111 2609 e
1134 2555 1255 2611 eontra-

157 2653 206 2717 rio
226 2652 330 2736 posita
352 2663 428 2717 sunt
446 2654 691 2719 dooenthaece:
713 2654 798 2734 ‚libri
821 2704 828 2718 .
853 2706 859 2719 .
885 2703 891 2718 .
915 2654 968 2738 qui
991 2654 1023 2717 in
1043 2654 1160 2740 uulgus
1181 2664 1255 2719 sunt

158 2760 256 2825 editi‘.
299 2760 411 2846 Itaque
431 2800 473 2811 --
492 2760 654 2848 Nepotem
675 2763 760 2826 enim
784 2786 837 2827 eas
859 2763 920 2837 iam
938 2763 1080 2850 eognites
1103 2763 1252 2831 habuisse

157 2869 303 2935 uidemus
325 2908 367 2919 -
390 2871 552 2938 conlectae
567 2873 694 2958 quidem
713 2873 869 2960 epistulae
890 2874 930 2937 ad
942 2874 1083 2941 Atticum
1101 2874 1159 2938 illo
1174 2883 1251 2939 tem-

161 2999 240 3062 pore
260 2979 320 3077 iem
344 2990 442 3061 erant,
466 3003 526 3046 nee
545 3002 623 3045 uero
636 2982 696 3045 nisi
711 3004 812 3069 pauca
833 3004 942 3047 earum
957 2982 1153 3067 exemplaris
1177 3006 1250 3048 eon-

159 3084 282 3171 seripta,
307 3111 386 3173 quae
396 3089 520 3155 Atticus
543 3110 674 3177 prorsus
699 3114 740 3154 ex
763 3112 852 3156 more
877 3114 947 3155 eum
962 3091 1162 3175 antiquorum
1184 3101 1250 3157 tum

156 3191 257 3278 ipsius
270 3193 313 3281 ῃ)
332 3199 440 3264 amieis
462 3199 537 3277 suis,
561 3198 644 3264 inter
665 3199 924 3287 quosOornelius
946 3210 978 3265 et
1000 3201 1069 3286 ipse
1095 3210 1171 3283 erat,
1195 3201 1251 3266 mi,

159 3408 355 3421 Μ..-

224 3543 269 3611 68)
286 3542 359 3597 Hine
381 3547 490 3597 tantum
512 3543 699 3614 intellegimus
721 3545 794 3600 unde
812 3546 941 3611 uenerit,
972 3551 1003 3599 ut
1022 3546 1088 3600 Tiro
1107 3547 1247 3602 Ciceronis

154 3636 191 3690 sd
206 3653 237 3690 se
256 3637 375 3707 scriptas
393 3638 527 3708 epistulas
541 3658 599 3695 non
616 3650 671 3696 uns
689 3659 753 3697 eum
771 3642 827 3696 suis
844 3642 932 3712 ipsius
946 3643 1050 3710 ederet,
1069 3643 1118 3698 sed
1128 3643 1250 3698 libres-iis

151 3732 288 3801 traderet,
308 3751 370 3787 eum
388 3734 485 3791 intimo
502 3737 606 3792 mortui
624 3739 729 3793 domini
739 3739 836 3809 emico,
854 3756 973 3809 quocum
990 3741 1049 3811 ipse
1067 3759 1120 3796 usu
1137 3742 1250 3796 coniun-

154 3832 216 3883 etus
237 3833 325 3896 esset,
349 3834 381 3884 ut
403 3830 464 3885 illas
491 3850 599 3903 quoque
627 3834 662 3888 ed
680 3853 709 3890 se
728 3836 807 3895 detes
825 3836 959 3906 epistulas
987 3837 1113 3893 mitteret
1141 3837 1250 3910 petenti

150 3942 208 3978 non
225 3924 413 3996 haberetque
431 3928 513 3982 modo
534 3935 684 3985 recusaret.

223 4024 267 4091 69)
288 4024 319 4076 ln
335 4024 475 4077 nonnullis
494 4025 573 4081 codd.
594 4026 728 4098 seriptum
749 4033 804 4084 est:
824 4029 924 4100 uulgus
942 4030 1007 4084 ism
1025 4034 1097 4086 sunt.

222 4117 267 4188 70)
284 4117 384 4173 Codd:
405 4104 653 4193 ‚undeeim‘squod
669 4124 699 4178 in
711 4124 850 4192 ‚sedecim‘
869 4144 933 4180 eum
952 4126 1026 4181 Aldo
1045 4127 1246 4199 eenrigendum

151 4229 213 4267 esse
235 4231 319 4285 supro.
335 4215 463 4271 uidimus.

221 4309 265 4379 71)
282 4309 328 4364 Ad
344 4312 404 4367 Att.
421 4313 495 4368 XIII.
513 4316 556 4371 37.
576 4317 607 4370 3:
631 4315 702 4371 Eum
720 4317 791 4386 (soil.
812 4316 952 4375 (lieeronis
972 4320 1160 4377 laudationem
1178 4322 1245 4376 Por-
