3038 4786
789 293 834 359 2⁰

260 472 441 539 seiunctum
464 482 550 555 erat,
580 473 679 559 idque
700 474 764 554 ita,
797 483 835 539 ut
860 475 1029 560 utriusque
1047 475 1181 560 generis
1202 474 1361 559 epistulae

150 642 156 655 ,
259 605 353 648 auum
374 583 530 647 uolumen
551 583 622 664 (uel
640 605 699 647 aua
718 582 896 667 uolumina)
920 585 1088 650 efficerent
1110 584 1160 671 (id
1183 585 1271 669 quod
1293 603 1362 649 nae

260 691 332 780 pius
354 713 393 756 re
416 714 497 759 uera
516 692 633 757 factum
653 714 726 757 esse
747 693 911 780 uidemus)
923 695 986 779 ⁸⁴),
1010 694 1104 759 facile
1125 693 1275 758 accidere
1302 714 1359 778 pu

257 799 329 883 tuit,
350 801 458 885 utqui
480 822 534 865 eas
557 802 720 888 excerpsit
740 802 875 866 alterum
886 825 1047 888 quemque
1059 802 1177 869 librum
1190 812 1265 888 post
1282 800 1360 867 alte·

256 930 329 975 rum
350 909 503 995 eligendo
525 931 718 997 percurrens
741 907 908 976 Ciceronis
929 911 1081 997 epistulas
1107 911 1184 976 huic
1203 910 1288 977 libro
1310 909 1359 974 in·

256 1026 402 1097 sereret,
435 1017 536 1082 cuiuis
559 1017 652 1083 alteri
674 1020 789 1104 quibua
818 1018 874 1083 ille
895 1017 1046 1085 OEceroni
1068 1019 1290 1105 responderat.
1315 1059 1355 1109 .-

256 1121 353 1190 Nunc
371 1145 452 1189 uero
476 1126 518 1190 de
541 1147 764 1212 corporum
786 1149 869 1211 quae
889 1127 940 1191 hia
961 1127 1052 1193 libris
1075 1127 1256 1193 efficiuntur
1277 1148 1355 1191 nu·

256 1254 374 1299 mero
398 1233 634 1318 finibusque
656 1254 813 1318 quaerere
832 1233 918 1299 licet

340 1339 414 1422 Quo
435 1340 508 1406 luco
530 1340 629 1426 supra
656 1341 741 1406 hanc
759 1362 830 1405 rem
848 1350 981 1405 tractare
1004 1363 1214 1428 coeperamus
1236 1343 1355 1428 epistu-

253 1450 358 1515 larum
378 1450 420 1514 ad
442 1450 516 1514 iam.
538 1449 639 1536 qualis
662 1459 712 1515 est
732 1451 813 1515 urdo
844 1472 883 1514 eu
904 1472 964 1515 nus
987 1450 1096 1532 duxit,
1126 1461 1161 1515 ut
1189 1452 1356 1518 minimum

254 1566 318 1632 duo
347 1586 484 1651 corpora
505 1585 577 1629 essc
598 1574 830 1647 statueremus,
864 1587 938 1631 cum
958 1564 1059 1629 libras
1082 1564 1184 1629 I-X.
1207 1565 1354 1635 eiusdem

250 1676 407 1755 συλλογῆς
425 1684 550 1759 partem
576 1696 614 1738 ac
635 1673 656 1737 l
678 1673 774 1739 XHL
797 1695 863 1738 non
882 1673 986 1759 magis
1009 1695 1081 1739 esse
1102 1696 1201 1761 posse
1223 1674 1350 1741 intelle-

249 1782 419 1864 xissemus,
443 1805 537 1867 quam
557 1781 612 1848 lib.
623 1782 761 1855 I-XIL
786 1781 932 1847 eiusdem
956 1806 995 1848 ac
1017 1782 1040 1847 l.
1049 1782 1124 1848 XV.
1166 1782 1234 1848 Iam
1256 1804 1351 1868 quae·

249 1891 340 1972 ritur,
366 1900 482 1976 quanto
496 1912 667 1977 corporum
688 1913 822 1958 numero
844 1891 987 1957 sedecim
1008 1892 1108 1958 libros
1128 1892 1272 1957 tribuere
1295 1913 1352 1957 ue·

247 1999 354 2067 limus.
385 1997 470 2064 Nam
490 1998 518 2064 si
538 1999 603 2064 duo
616 2009 737 2065 tantum
757 2021 830 2065 esse
844 1999 1008 2083 sumimus,
1031 1999 1205 2068 librosXL
1229 2000 1350 2070 erm

248 2109 291 2174 ad
311 2107 402 2197 prius
423 2108 597 2173 trahendos
621 2130 694 2173 csse
715 2108 857 2195 adparet,
883 2119 920 2172 ut

414 2217 504 2305 prius
539 2239 655 2304 corpus
685 2217 846 2284 contineat
865 2217 966 2284 libros
987 2215 1128 2298 I-XH,

414 2327 549 2392 alterum
591 2372 610 2410 „
759 2374 776 2409 ,
903 2373 921 2409 ,
989 2325 1210 2392 XIII-XVI·

247 2433 306 2503 Sin
329 2443 433 2499 autem
451 2434 548 2499 trium
571 2456 741 2521 corporum
755 2456 926 2499 numerum
948 2435 1018 2517 quis
1039 2437 1190 2522 praefert,
1215 2434 1245 2499 ei
1263 2443 1349 2501 certe

244 2542 413 2629 librosXI.
428 2542 547 2613 etXIL
569 2543 624 2608 uel
646 2565 718 2611 cum
741 2542 811 2607 solo
834 2544 928 2609 tertio
952 2541 1184 2608 decimalibus
1207 2543 1262 2607 uel
1278 2565 1351 2609 cum

244 2653 338 2719 tertio
361 2651 485 2721 decimo
508 2662 541 2716 et
557 2660 668 2737 quarto
691 2651 819 2716 decimo
849 2650 884 2713 in
912 2672 1011 2714 unum
1039 2652 1239 2734 coniungere
1261 2651 1348 2716 licet.

246 2762 397 2828 Attamen
418 2770 491 2826 sunt
512 2760 674 2846 profecto,
708 2779 790 2843 quae
824 2756 996 2821 duodecim
1030 2758 1153 2842 primos
1179 2757 1280 2820 libros
1312 2757 1347 2820 iu

246 2871 411 2956 complura
431 2889 565 2955 corpora
587 2864 740 2931 dissecari
763 2873 881 2930 uetent.
925 2862 1008 2931 Cum
1039 2862 1124 2928 enim
1153 2862 1261 2928 nullus
1294 2883 1347 2928 en·

242 3001 314 3045 rum
338 2980 488 3064 epistulas
513 2975 691 3044 contineret
709 2965 750 3040 ad
772 2973 905 3040 eosdem
918 2975 1039 3056 missas,
1062 2995 1198 3058 quorum
1217 2974 1348 3039 numina

242 3087 357 3155 litteris
378 3087 433 3152 uni
456 3085 617 3172 ercliquis
638 3085 788 3151 undecim
808 3084 898 3150 libris
913 3086 1040 3151 insertis
1055 3096 1161 3159 esseut
1181 3085 1343 3171 inscripta,

241 3197 330 3262 unde
352 3197 415 3263 hoc
439 3197 555 3263 factum
580 3205 666 3262 esset
695 3195 948 3287 admiraremur,
976 3194 1004 3261 si
1034 3195 1070 3261 in
1092 3194 1223 3276 solisll)
1254 3193 1345 3260 libris

242 3302 338 3372 XIII„
361 3312 394 3369 ct
412 3303 487 3370 XV.
509 3326 575 3371 non
594 3304 700 3370 minus
720 3313 790 3370 octo
819 3303 964 3369 eiusdem
994 3303 1044 3369 rei
1073 3304 1223 3386 exempla
1252 3302 1344 3368 inue-

241 3411 396 3477 nirentur.
439 3412 507 3482 Sed
530 3413 608 3499 quid
628 3414 670 3499 de
690 3413 780 3480 libris
796 3411 1018 3478 Xm-xvl.
1039 3410 1236 3476 statuamus?
1258 3408 1346 3479 Num

310 3697 355 3770 34)
372 3697 467 3753 Etiam
477 3715 551 3753 nunc
561 3698 694 3753 habemus
704 3697 808 3753 hlrrum
820 3697 978 3769 (octauum),
997 3698 1075 3754 cuius
1094 3716 1189 3755 omnes
1208 3699 1342 3772 epistulas

121 3822 125 3829 ·
240 3792 348 3850 Caelius
367 3794 403 3849 sd
425 3794 588 3850 Ciceronem
606 3793 725 3865 scripsit.
753 3793 825 3849 Item
842 3793 999 3865 cumplures
1016 3796 1104 3852 libros
1121 3796 1341 3868 epistularuma
1390 3830 1393 3835 -

240 3888 357 3946 Caesare
369 3891 406 3946 ad
415 3891 533 3947 eundem
544 3891 710 3962 scriptarum
724 3898 924 3949 commemorat
933 3891 1073 3948 Charisius
1082 3892 1102 3947 1.
1113 3911 1141 3964 p.
1154 3896 1206 3951 126
1226 3913 1253 3948 u.
1262 3896 1292 3949 11
1303 3891 1338 3949 K

310 3988 354 4058 35)
371 3985 447 4042 Nihil
465 3988 538 4043 enim
557 3988 594 4043 ad
610 3987 682 4044 hunc
700 4006 761 4045 rem
777 3989 879 4044 tertius
897 3988 1019 4047 decimus
1037 3990 1109 4045 liber
1119 3994 1148 4045 et
1158 3994 1273 4061 quartus
1291 3989 1339 4045 de·

236 4081 338 4153 aimus,
358 4084 462 4157 quippe
481 4084 530 4156 qui
548 4102 628 4141 suum
646 4084 762 4156 quiaque
783 4085 881 4143 orbem
895 4102 950 4159 per
970 4104 999 4142 re
1022 4087 1181 4143 absolutum
1204 4084 1340 4155 habeant,

236 4181 312 4253 quod
330 4182 371 4237 ita
391 4198 451 4239 erse
470 4183 565 4263 statim
583 4182 748 4240 uidebimus.
