3038 4786
782 331 825 398 28

255 512 462 580 adfirmemus
486 534 548 579 neo
569 535 626 579 cnr
646 534 804 599 negemus
816 548 860 566 -
872 514 1053 582 studiorum
1064 517 1247 583 certauiam
1260 525 1355 604 atquc

254 622 411 688 rationem
432 621 508 687 inde
528 621 604 687 licet
622 622 818 709 perspicere.

338 744 405 815 Sed
427 746 509 811 haec
528 747 692 812 hactenus.
734 747 849 833 Neque
874 746 959 813 enim
982 749 1157 814 accuratius
1185 770 1248 836 quo
1275 759 1356 815 tcm-

255 872 336 942 pore
360 865 512 943 excerpta
535 857 677 923 coniecta
699 857 762 921 sint
787 858 959 922 enucleare
982 879 1170 946 possumus,
1193 881 1254 924 nec
1276 878 1354 947 quo·

254 985 328 1029 narn
355 973 508 1050 excerpto
532 964 682 1050 quodque
706 987 821 1052 corpus
842 966 882 1030 sit
900 966 1008 1051 prius,
1033 984 1094 1052 quo
1120 968 1280 1053 posterius
1303 989 1354 1033 or·

253 1079 321 1135 tum
343 1092 403 1156 pro
429 1079 515 1136 certo
535 1071 723 1158 inuestiges.
771 1071 972 1160 Quamquam
987 1073 1072 1159 quod
1093 1072 1192 1140 libros
1216 1096 1289 1162 epp.
1313 1076 1355 1140 ad

257 1180 330 1244 iam.
353 1177 486 1244 Ι-ΧΙΙ,
510 1181 649 1246 continet
669 1204 785 1269 corpus
810 1183 915 1268 primo
937 1183 1145 1268 oompositum
1169 1204 1256 1265 esse,
1283 1183 1355 1249 ueri

250 1287 447 1354 simillimum
471 1298 535 1371 est,
557 1298 592 1353 ut
613 1310 685 1354 cum
706 1299 810 1355 cetera
832 1299 985 1375 excerpta
1005 1299 1040 1353 ut
1060 1289 1250 1375 supplerent
1270 1288 1352 1355 illud

253 1399 335 1463 iacta
358 1398 429 1479 sint,
452 1407 519 1462 tum
542 1399 824 1484 quintusdecimus
840 1399 933 1480 liber,
960 1399 1048 1464 euius
1063 1399 1215 1485 epistulas
1239 1399 1353 1464 eadem

254 1514 443 1592 argumenta
462 1515 597 1572 tractare
619 1530 717 1595 supra
736 1509 886 1575 uidimus.
919 1506 1092 1573 Praeterea
1108 1530 1191 1590 eum,
1216 1509 1269 1593 qui
1290 1517 1353 1573 ter-

253 1615 331 1679 tium
353 1614 511 1680 decimum
533 1615 651 1681 librum
675 1618 847 1702 congessit,
868 1617 967 1683 libros
981 1614 1113 1682 I—XII.
1129 1616 1288 1683 conlectos
1312 1617 1354 1682 ad

254 1743 367 1787 manus
388 1722 450 1787 iam
472 1722 623 1789 habuisse
650 1724 726 1789 inde
757 1726 891 1790 fortasse
914 1724 1109 1791 concludere
1138 1726 1230 1807 licet,
1265 1726 1353 1810 quod

258 1831 312 1919 qui
334 1831 462 1916 singula
484 1853 620 1919 corpora
641 1815 792 1899 inunum
809 1833 983 1916 coniunxit,
1006 1833 1068 1898 nisi
1088 1834 1150 1900 hoc
1171 1834 1215 1898 ita
1228 1833 1349 1916 firisset,

252 1959 364 2004 omnes
384 1938 490 2025 potius
514 1940 664 2024 epistulas
687 1941 963 2007 commendaticias
984 1942 1059 2009 hoio
1081 1943 1165 2009 libro
1189 1942 1352 2008 tribuisset

251 2055 357 2134 atque,
380 2048 408 2112 si
430 2069 511 2133 quae
534 2050 568 2113 in
583 2049 672 2116 libris
684 2049 817 2118 I—Xll.
828 2052 984 2139 repetitae
993 2051 1035 2139 ⁴4)
1058 2053 1209 2118 inuentae
1232 2061 1348 2133 essent,

254 2176 296 2251 ex
317 2155 365 2221 his
387 2155 464 2241 ipsis
489 2180 541 2223 eas
563 2159 752 2225 sustulisset.
1267 2186 1283 2216 e
1375 2212 1380 2218 -

252 2340 451 2354 a-—n———fi-

256 2483 366 2539 aeronis
383 2483 511 2555 epistulis
529 2500 563 2541 ea
582 2484 742 2554 dumtaxat,
769 2486 870 2556 qulbus
893 2487 999 2544 inesset
1021 2488 1115 2558 aliqua
1139 2487 1175 2544 de
1193 2486 1351 2558 eloquentis

251 2579 298 2637 uel
315 2579 492 2652 philosophia
508 2581 556 2639 uel
574 2580 610 2637 de
626 2598 658 2641 re
675 2600 703 2652 p.
722 2581 892 2651 disputati03
917 2587 1065 2652 praeterea
1089 2583 1114 2638 si
1139 2581 1207 2652 quid
1230 2583 1355 2654 eleganti

250 2677 301 2733 sut
316 2677 404 2732 usrbo
421 2675 540 2733 notabili
557 2675 664 2733 dietum
681 2676 834 2743 uideretur,
853 2677 992 2747 excerpsi.
1026 2676 1103 2744 Quas
1118 2678 1150 2732 in
1166 2694 1218 2732 usu
1234 2694 1298 2733 meo
1314 2679 1353 2735 ad

250 2785 362 2829 menum
380 2775 460 2827 erant
477 2774 617 2840 excerpta,
633 2769 698 2827 misi
709 2771 770 2825 tibi
791 2770 859 2826 Tres
876 2771 971 2839 libros,
990 2770 1060 2827 duos
1075 2771 1250 2838 adBrutum,
1267 2788 1354 2827 unum

253 2866 289 2923 od
305 2865 410 2920 Axium
434 2865 556 2933 describi
573 2865 697 2933 iubebis,
723 2866 747 2920 si
769 2865 837 2935 quid
859 2866 901 2920 rei
923 2882 983 2921 esse
1007 2864 1150 2921 uidebitur
1173 2868 1203 2919 et
1225 2864 1353 2923 remittes

253 2962 336 3017 mihi:
355 2979 421 3016 nam
437 2962 608 3031 exemplares
628 2977 724 3019 eorum
743 2966 940 3033 excerptorum
953 2961 1045 3017 nullos
1056 2961 1119 3019 feci.
1139 2959 1240 3016 Omnes
1258 2965 1353 3015 autem

252 3054 394 3113 Ciceronis
414 3055 547 3127 epistulas
568 3057 702 3128 legendas
724 3075 822 3114 censeo
842 3075 905 3114 mea
923 3058 1062 3114 sententia
1084 3058 1131 3141 uel
1154 3058 1243 3128 magis
1268 3073 1352 3127 quam

252 3168 347 3209 omnes
363 3152 423 3208 eius
440 3152 589 3208 orationes.
621 3153 757 3224 Epistulis
769 3154 914 3211 Ciceronis
933 3155 1003 3210 nihil
1020 3158 1063 3210 est
1078 3154 1248 3230 perfectius!
1282 3150 1352 3209 Cum
1396 3146 1399 3152 ⁴

251 3248 423 3306 Frontonem
440 3249 565 3320 integras
582 3250 734 3321 epistulas,
753 3268 845 3321 neque
861 3268 930 3307 uero
948 3251 1058 3323 singula
1075 3252 1220 3309 enuntiata
1238 3249 1354 3321 elegisse
1417 3304 1421 3307 .

252 3360 316 3401 oum
333 3362 380 3401 uu.
417 3345 495 3414 ,Tres
510 3346 599 3403 libros
616 3389 624 3402 .
642 3386 649 3399 .
669 3386 677 3399 .
694 3346 815 3416 Axium,
831 3351 895 3403 tum
909 3347 991 3403 haect
1011 3345 1122 3417 ‚Omnes
1139 3350 1234 3402 autem
1243 3345 1353 3402 Oioero·

252 3440 297 3497 nis
314 3442 448 3512 epistulas
467 3444 564 3513 erps‘
583 3443 651 3499 satis
671 3444 790 3501 doceant
802 3443 973 3513 (sompdsmt
982 3441 1118 3513 prolecto,
1140 3441 1354 3499 sioonuurium

251 3536 386 3595 uoluisset
403 3555 459 3595 nou
483 3540 607 3609 ,omnes‘‚
626 3539 677 3595 sed
694 3539 740 3595 uel
757 3540 859 3606 ,totas‘,
883 3540 931 3593 uel
953 3538 1106 3609 integram)
1130 3555 1174 3609 ,ne
1193 3555 1263 3608 qnae
1284 3537 1354 3595 inuit

251 3632 348 3688 uerbis
373 3632 540 3704 ambiguitas
565 3637 634 3705 puto
658 3633 837 3689 scribendum
862 3649 936 3688 esse:
964 3649 1008 3700 ‚ex
1030 3632 1059 3688 0.
1084 3632 1210 3705 epistulis
1237 3649 1293 3688 eas
1315 3632 1353 3687 d!

252 3722 311 3785 VV.
331 3733 425 3784 autern
444 3733 609 3799 quaesunt:
637 3734 791 3800 ,praeterea
815 3729 840 3784 si
866 3728 974 3799 quide.
992 3746 1018 3799 q.
1037 3732 1068 3784 a‘
1094 3730 1125 3785 in
1149 3729 1223 3786 huno
1240 3728 1353 3784 modum

253 3826 458 3898 interpretare:
483 3830 630 3896 praeterea
654 3826 679 3881 si
702 3826 769 3895 quid
792 3824 822 3880 in
849 3825 941 3896 aliqua
963 3826 1084 3896 epistula
1102 3826 1172 3897 eleg.
1189 3840 1214 3881 a.
1232 3843 1260 3881 u.
1278 3841 1306 3880 n.
1326 3822 1354 3880 d.

253 3920 313 3978 ate.
330 3938 392 3977 eam
412 3921 560 3992 epistulam
577 3921 678 3994 recepi
705 3949 740 3965 ·-
766 3922 895 3978 Getarum
911 3922 960 3978 illu
977 3926 1071 3978 aetate
1089 3922 1199 3994 caepim
1221 3923 1353 3994 epistulas

255 4017 359 4072 electas
377 4020 461 4087 atque
478 4018 508 4072 in
524 4017 687 4088 angustiora
704 4034 822 4089 corpora
838 4019 967 4075 redactas
984 4035 1046 4074 esse
1057 4018 1134 4076 idem
1145 4017 1253 4075 Fronto
1270 4018 1308 4074 ib.
1316 4017 1353 4072 11.

252 4113 280 4173 a
297 4117 368 4173 extr.
387 4113 478 4171 docet.

322 4228 369 4298 44)
386 4226 673 4285 mmmauunoum
689 4228 764 4286 enim
781 4233 824 4286 est
840 4231 916 4287 inter
931 4231 994 4287 illas
1010 4231 1146 4288 librorum
1162 4229 1272 4286 I-XII.
1293 4229 1352 4303 epi-
