3038 4786
606 996 881 1083 ADDENDA.

198 1379 201 1383 -
283 1332 454 1419 Postquam
474 1335 556 1400 hanc
579 1333 885 1399 dissertatiunculam
906 1332 969 1397 iam
989 1338 1085 1397 totam
1110 1310 1294 1414 conscripsi,

198 1441 332 1527 contigit
360 1441 439 1505 mihi
471 1442 644 1508 nouissima
672 1440 836 1507 Ciceronis
868 1439 1075 1526 epistularum
1108 1436 1205 1503 editio
1234 1436 1295 1503 Fr.

202 1549 423 1617 Hofmcnni
445 1548 692 1638 (Ausgewtihlto
714 1550 825 1615 Briefe
851 1571 915 1614 ron
930 1549 972 1613 M.
984 1545 1021 1611 Τ.
1036 1546 1102 1614 Cio.
1127 1548 1157 1611 1.
1171 1545 1295 1611 Bdehn.

200 1658 314 1724 Berlin
336 1658 428 1724 1860.
451 1657 616 1740 Wefflm),
640 1659 748 1744 quiin
772 1658 894 1723 eisdem
915 1659 1012 1723 rebus
1033 1653 1204 1721 tractandis
1226 1653 1295 1741 ple-

198 1788 334 1852 rumque
355 1766 389 1830 in
410 1767 471 1834 alia
492 1766 621 1852 quidem
650 1776 744 1853 atque
767 1788 830 1852 ego
852 1776 899 1832 est
920 1764 1097 1845 sententia,
1130 1785 1192 1829 nec
1215 1783 1296 1828 uero

198 1873 277 1940 mihi
298 1874 464 1961 persuasit.
508 1873 591 1941 Cum
614 1885 718 1941 nutem
742 1898 845 1942 meam
867 1875 908 1940 de
923 1874 972 1939 his
992 1877 1089 1941 rebus
1112 1872 1297 1959 opinionem

198 1983 296 2049 modo
320 1982 527 2070 exposuerim
548 2006 649 2070 peuce
673 1993 794 2049 tantum
816 2005 897 2069 quae
919 1983 1035 2048 addam
1053 1983 1168 2048 habeo.
1189 1980 1298 2069 Neget

199 2093 285 2160 enim
306 2095 376 2181 (pg.
392 2092 426 2180 9)
458 2092 608 2180 epistulas
629 2093 670 2158 sd
701 2094 774 2158 fam.
798 2100 949 2178 excerpta
977 2113 1048 2156 esse
1078 2100 1225 2176 quattuor
1253 2092 1295 2157 ob

162 2218 167 2226 ·
199 2226 326 2276 enussas
347 2204 461 2271 hasce:
483 2203 621 2289 primum
638 2201 848 2290 primigenios
871 2202 944 2267 illos
964 2200 1064 2267 libros
1079 2201 1298 2287 epistularum,

204 2334 335 2398 quarum
358 2312 440 2378 ordo
460 2312 589 2383 nomina
610 2312 655 2377 eis
680 2311 831 2397 inscripta
852 2320 979 2376 secutus
1004 2318 1062 2391 est,
1084 2310 1234 2396 epistulas
1255 2310 1297 2377 cd

201 2430 347 2487 senatum
369 2420 572 2507 (sulcet)
593 2420 756 2486 continere
776 2420 921 2507 potuisse
941 2427 1039 2504 neget
1052 2455 1091 2469 -
1110 2418 1171 2483 sed
1185 2418 1297 2504 quidni
1355 2450 1357 2454 >

196 2530 303 2618 potuit
323 2538 450 2594 exstare
463 2526 627 2595 Ciceronis
648 2528 731 2596 liber
755 2529 961 2614 epistularum
983 2527 1193 2608 adsecutum,
1219 2546 1297 2613 quas

197 2639 244 2705 de
265 2637 432 2725 prouincia
450 2662 487 2703 ac
506 2659 543 2702 re
566 2638 696 2723 publiea
716 2638 913 2724 scripserat?
938 2638 992 2724 (cf.
1004 2636 1094 2705 Suet
1116 2637 1146 2701 d.
1162 2636 1222 2701 Iul.
1230 2636 1297 2723 56).

201 2747 312 2813 Nihilo
334 2746 437 2833 magis
458 2726 580 2834 probo,
604 2747 706 2832 quod:
729 2747 957 2829 ,unvereinbar
978 2746 1019 2812 ist
1040 2752 1087 2812 es‘
1106 2746 1208 2832 inquit
1226 2746 1298 2828 ‚mit
1371 2782 1375 2791 ·

200 2857 308 2922 dieser
328 2856 498 2922 Annshme
531 2857 588 2943 (de
619 2857 780 2942 excerptis
813 2856 894 2943 agit)
905 2905 915 2938 ,
949 2856 1021 2923 deas
1051 2879 1088 2922 so
1123 2856 1298 2925 auffallend

201 2965 286 3030 viele
308 2965 419 3031 Briefe
439 2965 560 3041 andren
580 2964 746 3033 Personen
767 2965 1017 3051 sufgenommen
1040 2966 1130 3048 sind,
1154 2988 1218 3031 von
1240 2965 1296 3032 de

202 3094 265 3137 nen
295 3073 403 3159 einige
436 3095 497 3160 gar
530 3073 618 3139 nicht
648 3096 689 3138 sn
720 3073 833 3140 Cicero
856 3073 1015 3158 gerichtet
1035 3074 1110 3137 sind
1132 3073 1198 3139 und
1219 3073 1298 3139 sehr

205 3180 290 3246 riele
311 3206 383 3248 aum
405 3182 634 3258 Verstttndniss
656 3184 715 3248 der
736 3182 874 3269 iibrigon
893 3181 1004 3247 Briefa
1025 3181 1112 3247 nicht
1137 3183 1195 3247 das
1215 3181 1294 3247 llin-

202 3289 293 3357 desto
315 3292 509 3379 beitragen‘3
539 3316 612 3359 nam
632 3292 710 3357 tales
735 3291 886 3378 epistulas
907 3292 941 3355 in
961 3288 1160 3377 primigeniis
1183 3313 1294 3381 eorpo-

198 3401 289 3466 ribus
311 3422 383 3468 esse
403 3402 545 3489 potuisse
568 3401 640 3487 ipse
660 3400 807 3467 concedit
830 3403 916 3486 (cum
940 3410 1063 3466 nostres
1087 3422 1138 3485 ep.
1160 3399 1202 3466 ad
1221 3400 1296 3466 fam.

197 3531 258 3596 pro
280 3510 482 3598 primigeniis
501 3510 642 3599 habeat),
662 3510 761 3595 idque
783 3532 906 3579 summo
930 3510 1016 3592 iure;
1046 3510 1106 3577 sed
1128 3531 1297 3595 quaecum-

199 3640 262 3705 que
284 3619 468 3706 primigenii
488 3620 562 3687 libri
585 3620 746 3707 complexi
769 3628 853 3700 sunt,
877 3641 915 3685 ea
935 3621 1082 3706 profecto
1096 3619 1297 3708 inoxoerpta

197 3729 334 3795 tranum
356 3738 539 3815 potuerunt,
560 3730 587 3794 si
603 3730 708 3819 eliqua
722 3752 765 3795 ex
780 3738 870 3818 parte
882 3729 1015 3795 alicuius
1030 3731 1182 3794 momenti
1196 3738 1295 3795 erant.

198 3835 292 3903 Hanc
313 3839 416 3926 ipsam
436 3841 477 3905 ob
493 3858 634 3904 caussam
656 3840 793 3920 tertium,
816 3839 900 3924 quod
923 3839 1057 3924 profert,
1079 3834 1167 3904 recte
1185 3859 1221 3903 se
1240 3838 1295 3903 ha·

198 3947 269 4012 bet:
300 3948 469 4013 offensioni
498 3969 569 4013 esse
591 3948 743 4034 quasdam
772 3948 940 4032 epistulas,
973 3969 1053 4034 quae
1081 3944 1200 4012 nullius
1228 3969 1295 4013 mo·

181 4057 298 4121 'menti
322 4057 506 4123 sint—sed
528 4057 591 4122 hoc
612 4080 677 4122 non
697 4056 780 4123 cadit
801 4056 863 4122 nisi
884 4055 917 4120 in
938 4057 1056 4122 librum
1072 4063 1217 4141 quartum
1240 4056 1295 4121 de-

186 4165 327 4251 cimum,
351 4190 445 4254 quem
456 4169 589 4234 fortasse
604 4166 834 4254 primigenium
854 4188 926 4232 esse
947 4167 1018 4251 ipse
1041 4163 1199 4248 concessi3
1222 4188 1296 4231 nam

203 4276 340 4359 epistula
362 4278 416 4344 Vl.
442 4278 482 4342 15
505 4276 692 4344 breuissima
712 4275 842 4361 quidem
865 4284 923 4359 est,
945 4277 1004 4343 sed
1029 4274 1142 4341 eedem
1164 4273 1297 4361 lepidis·
