3038 4786
210 1376 212 1379 ·
244 1352 319 1418 Tria
341 1352 382 1417 ad
403 1375 462 1417 nos
484 1361 703 1439 peruenerunt
722 1351 763 1417 Μ.
789 1350 875 1416 Tulli
907 1351 1072 1418 Ciceronis
1105 1351 1253 1439 epistula-

160 1487 231 1529 rum
261 1485 396 1550 corpora
409 1465 453 1549 ¹),
488 1485 622 1547 quorum
642 1463 781 1549 primum
804 1461 943 1526 continet
970 1461 1118 1546 epistulas
1152 1461 1193 1527 ad
1216 1460 1253 1525 Τ.

161 1573 374 1657 Pomponium
397 1572 555 1656 Atticum,
576 1573 711 1637 alterum
741 1571 782 1636 ad
806 1569 960 1651 Quintum
981 1572 1109 1636 fratrem
1130 1571 1253 1652 missas,
1352 1599 1355 1609 ²

162 1683 290 1747 tertium
312 1690 428 1762 autem,
451 1681 536 1766 quod
560 1679 711 1767 epistulas
733 1680 773 1745 ad
788 1679 956 1745 familiares
980 1678 1087 1744 dicere
1102 1679 1252 1761 solemus,

164 1799 216 1855 est
231 1786 398 1872 συναγωγὴ
419 1790 504 1855 haud
529 1791 571 1853 ita
599 1788 745 1874 simplice
767 1788 891 1853 rationo
913 1788 1093 1873 composita.
1145 1788 1257 1852 Insunt

165 1898 247 1962 enim
270 1897 459 1961 nouaclum
483 1919 559 1981 quas
582 1895 696 1962 Cicero
720 1897 760 1962 ad
781 1897 854 1984 plus
878 1896 1038 1982 octoginta
1061 1896 1146 1960 illius
1173 1905 1255 1961 aeta·

162 2011 201 2075 tis
220 2009 307 2074 uiros
331 2008 420 2074 dedit
443 2008 607 2095 epistulae,
633 2006 692 2072 sed
714 2007 807 2072 etiam
820 2030 902 2094 quae
922 2007 954 2071 hi
969 2007 1031 2094 ipsi
1047 2009 1101 2072 uel
1122 2029 1255 2093 respon-

165 2119 280 2183 derunt
300 2112 355 2182 uel
376 2117 459 2181 ultro
482 2117 522 2181 ad
544 2116 639 2182 illum>
659 2117 872 2202 scripserunt,
895 2127 929 2181 ut
949 2118 1012 2181 hoc
1035 2139 1160 2202 corpus,
1184 2139 1256 2182 cum

162 2226 366 2312 singulorum
387 2227 484 2290 modo
506 2225 654 2310 singulae
676 2225 829 2311 epistulae
852 2225 914 2290 sint
936 2225 1034 2291 modo
1060 2227 1161 2290 maior
1181 2227 1257 2291 scri·

163 2342 290 2420 ptorum
313 2332 412 2419 copia,
435 2332 555 2396 uariam
575 2331 717 2418 speciem
737 2333 904 2417 praebeat3
926 2332 1013 2396 uude
1035 2340 1168 2417 quantus
1189 2333 1257 2396 fue-

162 2442 203 2506 rit
221 2443 367 2506 uirorum
389 2463 551 2523 numerus,
575 2441 763 2527 quibuscum
779 2438 894 2507 Cicero
917 2442 1180 2507 consuetudinem
1201 2445 1255 2508 ha-

160 2552 249 2634 buit,
281 2551 451 2637 conligere
473 2551 558 2616 licet.
611 2550 693 2616 Tres
722 2572 832 2615 rursus
856 2551 926 2615 talis
959 2554 1100 2638 corporis
1130 2574 1257 2636 compo-

165 2663 265 2727 nendi
286 2671 457 2749 patuerunt
475 2661 557 2744 uiae,
581 2685 653 2727 cum
676 2664 839 2749 respicere
859 2673 992 2748 possent
1012 2672 1065 2728 aut
1092 2664 1133 2729 ad
1161 2685 1256 2750 argu-

165 2779 271 2837 menta
292 2771 508 2856 epistularum,
530 2782 586 2836 aut
606 2772 646 2836 ad
660 2780 784 2857 tempus
798 2793 860 2857 quo
876 2793 1021 2857 quaeque
1034 2775 1150 2859 scripta
1164 2782 1257 2855 esset,

164 2889 217 2944 aut
244 2880 283 2943 ad
305 2900 415 2945 eorum
434 2879 580 2962 nomina,
605 2881 658 2964 qui
682 2880 831 2966 epistulas
855 2880 910 2944 uel
931 2881 1091 2946 misissent
1110 2882 1165 2946 uel
1185 2881 1258 2946 mis·

167 3009 217 3050 sas
239 2986 442 3072 accepissent.
492 2988 617 3070 Quibus
652 3011 693 3054 ex
714 2989 775 3054 uiis
799 2991 885 3076 quod
905 2998 1098 3074 postremam
1119 2990 1257 3076 ingressi

165 3102 239 3158 sunt
262 3093 419 3177 editores,
446 3109 524 3163 suut
543 3098 595 3183 qui
614 3099 855 3186 uitupereut2),
886 3099 921 3163 in
945 3119 1007 3183 quo
1032 3099 1124 3163 nimis
1148 3097 1255 3164 seueri

163 3202 262 3267 fuisse
283 3203 360 3267 mihi
379 3202 536 3271 uidentur.
578 3206 664 3273 Sane
686 3207 713 3271 si
735 3206 768 3271 id
789 3207 983 3289 uoluissent,
1007 3216 1042 3271 ut
1063 3229 1143 3291 quae
1166 3206 1258 3273 Cice-

161 3312 249 3377 ronis
272 3322 373 3399 aetate
393 3324 485 3401 gesta
507 3327 613 3381 essent
634 3316 776 3405 legendo
799 3316 937 3403 perspici
959 3327 1085 3404 posset,
1115 3317 1177 3382 hau
1200 3317 1256 3380 du-

162 3422 217 3487 bie
240 3431 385 3509 tempora
408 3425 522 3508 quibus
544 3426 691 3512 singulae
722 3425 876 3511 epistulae
905 3425 1041 3510 scriptae
1071 3434 1144 3489 sunt
1166 3426 1257 3508 sequi

163 3531 363 3613 debuissent3
385 3533 435 3598 sin
456 3542 561 3599 autem
583 3556 621 3599 eo
642 3535 826 3617 tendebant,
848 3544 884 3599 ut
905 3557 968 3618 quo
989 3534 1087 3599 modo
1106 3531 1256 3600 Ciceroni

160 3700 354 3709 mmm

234 3818 261 3886 1)
280 3816 397 3873 Missum
417 3818 489 3875 facio
507 3832 563 3890 peri
582 3825 671 3877 totam
689 3822 760 3878 hano
782 3822 1014 3878 dissertationem
1040 3823 1141 3877 librum
1159 3823 1263 3892 epistu-

161 3911 250 3967 larum
268 3914 304 3968 ad
321 3915 452 3985 Brutum,
477 3917 580 3986 quippe
600 3936 667 3988 quas
684 3918 790 3988 spurias
808 3937 867 3974 esse
887 3923 1001 3989 putem;
1029 3936 1128 3988 easque
1147 3936 1180 3974 eo
1200 3936 1255 3973 ma-

160 4008 202 4076 gis
222 4009 352 4066 omittere
371 4011 455 4079 licet,
477 4013 566 4081 quod,
589 4019 722 4082 quantum
746 4015 782 4069 ad
801 4020 926 4070 nostram
943 4034 1002 4070 rem
1020 4016 1137 4082 attinet,
1156 4017 1258 4073 nullius

161 4106 294 4161 momenti
311 4111 384 4161 aunt

168 4244 170 4251 ,
213 4202 258 4271 ,2)
277 4202 416 4259 muna·
434 4205 520 4273 pater.
541 4206 578 4259 au
594 4205 642 4260 ua.
662 4206 742 4260 xm1
759 4208 794 4261 au
815 4208 889 4275 fam,
908 4208 963 4264 aar.

1045 4306 1058 4357 1
