3038 4786
791 367 832 432 36

267 562 360 622 serat.
402 551 471 617 Iam
490 573 561 617 cum
585 547 735 636 epistulas
756 547 797 612 ad
819 545 960 612 Atticum
982 567 1048 610 non
1066 554 1139 611 ante
1161 566 1254 631 quam
1286 544 1361 609 sori-

264 663 395 752 psisset.
410 659 579 729 Cornelius
609 658 709 744 capita
731 657 910 723 I—XVlIl.
926 658 1026 723 ‚uitae
1053 658 1152 725 Attici
1183 657 1363 741 diuulgatas

265 792 336 839 esse
358 769 630 850 intellexerimus,
662 790 724 854 quo
746 777 893 854 tempore
913 768 996 837 hanc
1020 767 1162 853 priorem
1185 767 1269 830 uitae
1288 787 1363 853 par-

271 889 335 947 tem
354 878 464 968 Nepos
490 876 712 964 composuerit,
738 877 910 962 quaeritur.
955 875 1051 958 Quod
1067 876 1144 942 uiuo
1167 875 1296 962 quidem
1305 875 1365 939 At-

269 989 341 1071 tico,
364 989 396 1081 la.
418 1009 445 1053 e.
467 996 538 1053 ante
560 1009 677 1052 annum
698 983 1057 1056 incertitudinem
1077 1007 1149 1052 esse
1170 986 1242 1072 ipae
1264 985 1365 1049 diser·

269 1098 308 1165 tis
330 1098 438 1164 uerbis
459 1095 548 1162 initio
572 1117 639 1181 cap.
661 1094 797 1162 XVIIII.
821 1095 934 1177 tradit,
968 1096 1027 1161 sed
1055 1095 1163 1182 paullo
1188 1092 1366 1160 accuratius

269 1207 379 1293 scripti
409 1205 484 1272 libri
512 1214 639 1290 tempus
672 1203 807 1268 definire
828 1225 1008 1290 possumus.
1060 1203 1244 1291 Agrippina
1280 1203 1367 1267 enim

267 1313 422 1402 Pomponi
444 1313 570 1400 neptis,
607 1334 678 1378 eum
708 1312 816 1398 paullo
838 1322 912 1399 post
934 1313 1188 1399 quamprimum
1207 1313 1291 1377 uitae
1312 1336 1368 1377 an-

268 1446 344 1490 num
379 1422 520 1508 degisset
541 1421 672 1487 Tiberio
703 1420 933 1506 sponderetur,
965 1443 1100 1505 cumque
1122 1420 1248 1486 Atticus
1279 1421 1368 1486 haud

267 1533 310 1597 ita
330 1531 422 1599 breui
443 1539 517 1618 post
536 1530 592 1595 illa
615 1526 775 1617 sponsalia
795 1539 938 1596 mortuus
961 1552 1031 1596 esse
1055 1538 1164 1616 posset
1185 1528 1365 1617 (quodNe·

272 1663 332 1727 pos
356 1665 382 1706 c.
395 1641 445 1705 19.
465 1643 588 1725 §.deq
612 1641 916 1725 commemorasset),
940 1639 1105 1705 minimum
1129 1639 1252 1707 duobus
1275 1639 1367 1704 annis

269 1758 341 1817 aute
363 1772 458 1815 auum
489 1748 673 1814 defunctum
695 1754 766 1815 nata¹
799 1750 898 1815 esth.
923 1773 950 1814 e.
976 1759 1029 1814 aut
1059 1775 1085 1815 a.
1106 1748 1295 1817 Iocoru-
1313 1759 1368 1814 aut

270 1867 371 1923 antea.
392 1857 460 1923 Iam
470 1856 583 1943 Nepos
603 1856 675 1944 ipse
699 1879 738 1923 ea
758 1879 839 1944 quae
859 1857 936 1922 inde
957 1883 976 1922 a
999 1857 1100 1944 capite
1122 1857 1367 1922 undeuicesimo

274 1965 475 2031 traderentur
506 1974 672 2051 postquam
701 1965 842 2052 priorem
872 1964 956 2029 uitae
984 1976 1106 2053 partem
1137 1965 1368 2053 composuisset

268 2077 350 2143 facte
373 2096 444 2140 esse
465 2075 596 2156 fatetur,
630 2083 665 2138 ut
697 2083 790 2160 caput
811 2082 939 2140 sextum
966 2074 1128 2141 decimum
1155 2084 1228 2141 ante
1249 2094 1366 2140 mnam

268 2181 448 2252 IOOOXX.
478 2183 683 2271 scriptume)
716 2205 787 2248 esse
813 2184 974 2270 adpareat.
1025 2183 1092 2251 Sed
1121 2185 1211 2250 unde
1237 2183 1366 2249 tandem

274 2292 372 2375 uenit,
395 2301 429 2358 ut
439 2291 564 2358 Atticus
587 2301 657 2357 octo
676 2293 764 2356 annis
787 2300 860 2379 post
876 2291 1040 2358 Ciceronis
1060 2303 1194 2358 mortem
1218 2292 1366 2379 epistulas
1487 2370 1488 2375 γ

277 2401 344 2467 eius
380 2401 537 2469 conlectae
563 2398 692 2487 quidem
722 2400 856 2465 haberet
893 2398 1066 2487 amicisque
1090 2401 1155 2466 suis
1177 2401 1306 2485 missas,
1333 2399 1364 2491 in

271 2510 390 2596 uulgus
412 2507 647 2575 ueronondum
669 2508 796 2573 editas?
839 2507 973 2596 Duplex
988 2510 1081 2575 huius
1098 2511 1145 2575 rei
1166 2519 1272 2596 potest
1295 2528 1362 2576 csse

274 2641 402 2697 eaussa;
436 2626 489 2682 eut
512 2616 596 2682 enim
618 2615 769 2701 epistulas
805 2617 846 2681 ad
875 2640 911 2682 se
940 2618 1053 2684 missas
1080 2619 1140 2682 nisi
1172 2627 1245 2702 post
1280 2641 1370 2705 suam
1487 2676 1488 2703 ,

274 2727 373 2813 ipsius
396 2734 532 2791 mortem
555 2725 682 2793 omuino
704 2725 987 2812 noluitdiuulgari,
1010 2735 1063 2791 aut
1078 2727 1200 2789 turbata
1211 2725 1267 2787 illo
1287 2734 1368 2788 tem-

270 2856 351 2923 pore
382 2856 435 2903 res
469 2833 595 2921 publice
627 2834 856 2921 impedimento
893 2836 960 2899 fuit.
1008 2832 1122 2918 Neque
1154 2831 1366 2905 enimsclum

270 2954 436 3031 postquam
457 2944 706 3032 proscriptiones
728 2944 786 3009 uix
809 2944 892 3031 fugit
912 2943 1003 3010 uillas
1030 2965 1101 3007 suas
1114 2941 1290 3028 Epiroticas
1312 2961 1369 3026 pe-

270 3054 371 3136 tierat,
396 3053 454 3119 sed
466 3063 579 3140 postea
608 3075 738 3139 quoque
759 3053 803 3119 ibi
825 3064 970 3121 uersatus
983 3076 1054 3120 esse
1068 3053 1196 3119 uidetur
1207 3049 1260 3139 ⁷³).
1283 3048 1373 3131 Quin

277 3163 370 3231 etiam
393 3184 593 3249 nequaquam
619 3163 687 3229 ueri
715 3162 867 3229 dissimile
897 3174 961 3247 cst,
996 3187 1069 3229 cum
1100 3184 1160 3250 per
1189 3161 1374 3246 complures

272 3293 389 3352 annos,
426 3270 539 3354 quibus
570 3272 705 3337 alterum
726 3271 847 3337 bellum
871 3272 964 3337 ciuile
986 3273 1121 3336 alterum
1144 3279 1286 3335 secutum
1312 3277 1371 3348 cst,
1487 3304 1488 3325 2

272 3381 305 3444 in
329 3378 463 3444 Graecia
484 3381 766 3465 mansissemque
796 3403 823 3443 a.
846 3377 1074 3445 IOCOXVIII.
1110 3378 1260 3457 demum,
1299 3398 1372 3441 cum

273 3484 465 3585 Octauianus
480 3487 603 3565 Vrbem
623 3487 810 3573 Italiamque
830 3486 939 3571 paullo
962 3492 1142 3571 pacauerat,
1165 3483 1300 3548 Romam
1320 3505 1372 3549 re-

201 3684 203 3687 v
276 3596 361 3665 disse
384 3633 427 3646 --
458 3595 544 3661 idem
565 3596 650 3665 enim
671 3594 805 3663 Sullano
826 3593 912 3660 bello
934 3592 1092 3678 flagrante
1114 3593 1242 3658 fecerat.
1290 3590 1373 3673 Quis

274 3852 345 3922 eise)
366 3857 398 3908 tu
415 3850 521 3922 igitur,
543 3850 567 3905 si
584 3867 629 3904 me
648 3865 737 3919 amaa,
767 3846 879 3902 curabis
904 3875 939 3886 -
965 3845 1089 3901 simodo
1110 3846 1239 3901 mittetur
1266 3845 1373 3899 -iste

273 3949 355 4005 modo
371 3949 537 4003 mittendam
557 3947 680 4003 Domitio
698 3950 727 4002 et
744 3947 840 4002 Bruto.
877 3945 911 4001 ef.
930 3945 996 4002 ibid.
1015 3963 1057 4016 ep.
1073 3945 1116 4002 48.
1136 3947 1161 3999 2.

348 4063 392 4135 72)
411 4060 497 4118 Edita
514 4067 608 4117 autem
624 4034 689 4116 uita¹
703 4060 794 4118 Attici
814 4078 886 4115 enno
904 4060 1043 4116 IOCOXX.
1063 4076 1123 4116 esse
1138 4062 1241 4129 potest,
1258 4061 1292 4111 ut
1309 4055 1377 4126 Nip-

276 4161 381 4231 perdey
395 4159 426 4215 in
446 4160 489 4214 ed.
509 4177 574 4215 suae
594 4159 684 4231 (1849)
701 4176 749 4231 pg.
767 4156 853 4213 XVII.
872 4156 979 4211 statuit.

344 4274 395 4352 Ι73)
411 4273 475 4333 Vid.
494 4273 612 4348 Nepotis
629 4274 680 4330 uit.
697 4273 758 4329 Att.
775 4271 823 4327 XI.
843 4272 856 4326 1
877 4274 907 4327 et
924 4273 949 4327 2.
