3038 4786
794 332 836 398 32

264 520 402 581 statuere
421 511 499 577 mihi
521 511 645 609 uideor.
688 511 762 579 Huo
776 512 895 599 optime
913 512 1055 599 quadrat,
1079 512 1166 599 qnod
1178 511 1293 577 harum
1313 524 1364 576 or-

265 620 376 687 dinem
396 619 543 686 miserius
567 619 662 686 etism
684 624 905 709 perturbatum
928 643 1000 687 esso
1021 620 1246 707 cognoscimus
1271 641 1365 705 quam

266 728 472 816 epistularum
493 728 535 795 ad
555 730 713 813 Atticum,
737 752 809 796 cum
832 751 987 815 nusquam
1008 728 1082 816 plus
1105 738 1275 815 quaternae
1298 727 1366 815 epi·

265 837 368 903 stulae
389 837 430 902 ad
456 837 596 904 eundem
617 838 754 925 scriptas
774 860 866 904 sunm
889 837 1036 904 ordinem
1057 846 1208 918 teneant,
1241 838 1268 903 si
1292 857 1365 924 epp.

264 943 396 1013 1.1-9.
420 956 451 1012 et
472 945 516 1012 ll.
529 948 619 1013 1-7,
643 947 839 1031 excipimns3
863 970 1050 1034 quamquam
1073 949 1115 1015 de
1138 948 1302 1014 nonnullis
1323 969 1366 1014 ex

264 1053 313 1121 bis
339 1064 461 1121 oerum
482 1056 635 1125 indicium
646 1056 718 1125 fieri
736 1079 802 1122 non
822 1066 936 1145 potest,
957 1066 993 1123 ut
1011 1078 1053 1122 ne
1067 1056 1129 1121 hae
1141 1057 1273 1142 quidem
1293 1077 1365 1121 sen·

264 1162 382 1229 mntiae
404 1172 530 1229 nostrae
553 1166 690 1249 obstent.
732 1164 968 1231 Attamcnfieri
983 1163 1097 1251 potuit,
1120 1172 1155 1229 ut
1171 1165 1228 1230 uel
1246 1163 1367 1229 bicuel

264 1269 321 1337 ille
343 1272 493 1359 epistulas
515 1271 705 1339 aOicerone
727 1275 768 1339 ad
790 1295 826 1340 se
847 1273 980 1359 scriptas
1002 1281 1148 1338 accurate
1167 1272 1203 1337 in
1217 1272 1365 1338 ordinem

267 1379 410 1445 conditas
431 1391 585 1462 seruaret,
607 1381 692 1473 quod
716 1380 872 1463 Quintum
893 1379 1036 1449 Tullium
1057 1381 1171 1447 fecisse
1194 1391 1368 1467 propterca

241 1494 244 1499 ’
267 1508 395 1554 sumere
415 1488 580 1570 debemus,
600 1489 686 1573 quod
707 1488 781 1557 libri
805 1489 845 1553 ad
866 1489 951 1554 bunc
974 1488 1062 1555 missi
1085 1491 1216 1556 benene
1237 1489 1367 1555 babent.

265 1594 443 1682 Plerosque
463 1607 568 1662 autem
591 1619 720 1663 securos
745 1599 891 1663 confusas
905 1621 977 1664 suas
1000 1598 1152 1686 epistulas
1174 1597 1369 1683 bibliopolae

265 1705 436 1773 madidisse
458 1704 587 1770 Tironis
610 1705 795 1791 exemplum
819 1704 928 1787 docet,
964 1728 1059 1791 quem
1081 1702 1226 1773 simodo
1257 1727 1368 1792 quem-

265 1813 352 1900 piam
371 1814 476 1899 ipsum
498 1812 731 1879 accuratissime
756 1812 908 1899 epistulas
927 1814 961 1877 in
991 1813 1138 1879 ordinem
1161 1814 1371 1881 redacturum

267 1922 366 1990 inisse
394 1931 543 2010 putemus
578 1930 712 2008 oportet.
765 1920 865 1988 Cuius
888 1920 1015 1987 Tironis
1042 1923 1145 1989 nullas
1167 1923 1201 1988 in
1232 1922 1369 1989 edendis

267 2032 410 2119 epistulis
431 2041 538 2117 partes
561 2030 712 2118 inissem)
736 2029 811 2121 (nisi
831 2032 914 2097 forte
937 2032 1141 2119 septinginta
1157 2032 1227 2097 illas
1249 2032 1368 2118 epistu-

266 2141 314 2208 las
337 2141 443 2207 eidem
466 2140 661 2228 bibliopolae
683 2150 719 2206 ut
739 2163 812 2208 casu
827 2141 1051 2225 rehabebant,
1073 2141 1216 2227 tradidit)
1240 2141 1370 2207 illarum

268 2248 475 2335 epistularum
497 2250 578 2315 ordo
601 2250 705 2316 docet.

349 2373 464 2440 Iamsi
488 2377 669 2461 quaerimus
693 2376 763 2461 quis
788 2376 883 2442 fuerit
906 2375 961 2441 ille
983 2374 1176 2461 bibliopola,
1200 2375 1254 2461 qui
1276 2372 1366 2440 Cice·

265 2483 353 2550 runis
376 2484 526 2568 epistulas
549 2483 691 2549 edendas
715 2493 849 2564 curaret,
873 2483 1078 2568 exipsius
1102 2480 1141 2546 Τ.
1163 2481 1365 2571 Pomponi

267 2591 458 2675 Asticiffl)
483 2591 659 2657 officina
680 2613 746 2656 eas
768 2591 965 2677 prodisse
985 2601 1111 2675 puto,
1135 2610 1230 2673 quem
1246 2591 1365 2657 scimus

268 2723 339 2767 cum
360 2699 506 2786 singulos
528 2699 628 2765 libros
648 2701 855 2784 integrasque
871 2697 1077 2764 bibliothecas
1102 2699 1218 2761 emisse
1236 2708 1267 2762 et
1288 2719 1368 2763 ncn-

268 2810 457 2896 didissell),
491 2817 556 2872 tum
585 2828 717 2894 ,pueros
747 2806 991 2871 litteratissimos
1024 2815 1055 2871 et
1082 2804 1239 2891 plurimos
1272 2804 1368 2869 libra·
1490 2811 1493 2817 '

267 2921 398 3007 rios‘M)
422 2919 476 3005 qni
497 2939 553 2983 eos
575 2915 841 3003 describerentII)
866 2914 1025 2981 habuisse.
1069 2912 1237 2979 Ciceronis
1259 2918 1365 2975 autem

266 3030 443 3097 bustarum
464 3026 568 3093 studia
589 3026 710 3093 amicus
733 3022 988 3112 elegantissimus
1009 3032 1040 3089 et
1057 3019 1287 3088 eruditissimus
1312 3041 1359 3084 ua-

267 3139 350 3207 rium
374 3139 408 3204 in
435 3138 567 3203 modum
588 3135 772 3220 adiuuabat,
796 3156 868 3201 cum
890 3142 1080 3221 argumenta
1109 3150 1191 3217 quae
1218 3137 1370 3195 tramret

269 3335 469 3347 m

342 3469 387 3538 ol)
407 3464 480 3533 Quas
496 3462 583 3520 inisse
599 3461 690 3519 noluit
706 3461 793 3519 stiam
810 3457 979 3527 Bernhardy,
998 3457 1079 3513 Rom
1096 3456 1165 3512 litt.
1182 3471 1229 3526 pg.
1241 3456 1295 3512 682
1314 3453 1370 3517 (ed.

269 3563 329 3635 ΙΠ).
365 3564 470 3620 Contra
486 3578 597 3618 mecum
617 3558 771 3617 consentit:
797 3556 939 3612 Manutius
956 3557 1104 3610 comment.
1122 3552 1153 3609 in
1174 3567 1238 3624 epp.
1254 3550 1292 3608 ad
1303 3550 1368 3607 iam.

270 3659 359 3734 prael.
377 3660 414 3718 ad
429 3659 478 3716 lib.
499 3658 588 3715 XIIII.
620 3656 655 3712 of.
672 3655 826 3722 Drumann,
845 3649 943 3709 Gesoh.
961 3649 1047 3706 Roms
1065 3648 1111 3706 VI
1124 3650 1244 3745 politi.

341 3778 387 3845 52)
407 3773 468 3842 Qua
485 3772 520 3829 de
539 3789 570 3827 re
591 3769 735 3828 consentio
753 3784 817 3823 oum
834 3766 996 3821 Drumanno
1014 3764 1031 3820 l
1051 3782 1076 3820 c.

340 3890 388 3959 53)
410 3887 450 3944 Of.
467 3887 504 3943 ad
520 3887 580 3941 Att.
598 3884 619 3941 1.
636 3885 663 3940 4.
682 3886 708 3952 3,
726 3883 753 3951 7,
770 3883 814 3937 10.
831 3882 858 3950 4,
876 3880 911 3936 11.
930 3881 949 3935 4
964 3878 1026 3935 init.
1043 3868 1045 3872 ⁴

342 4002 390 4072 54)
409 4001 513 4071 Nepos,
530 4000 590 4054 usu
605 3998 695 4054 utun
716 4000 758 4057 13.
777 3999 802 4053 s.
835 3976 999 4067 cauum
1016 3992 1139 4050 omnum
1157 4006 1225 4063 quos
1242 3987 1372 4046 neuma·

271 4098 361 4157 Attici
378 4113 522 4155 seruorum
538 4095 624 4152 hsbes
643 4093 717 4166 apud
735 4093 927 4149 Drumannum
942 4092 961 4147 l.
981 4108 1006 4147 o.
1025 4089 1058 4146 V.
1079 4091 1121 4146 66.

342 4211 388 4280 55)
406 4207 452 4267 Ad
467 4209 527 4266 Att.
547 4205 608 4263 XII.
626 4207 670 4265 40.
691 4209 716 4263 1.
752 4203 787 4263 ci.
799 4204 944 4260 Drnmann
960 4203 979 4258 l.
1000 4218 1098 4261 comm.
