3038 4786
780 309 823 374 30

255 492 353 576 nique
383 488 592 577 edenmr‘⁷)‘.
637 489 761 571 Quibus
784 514 802 556 e
822 494 930 559 uerbis
954 516 1024 560 cum
1048 496 1164 583 scripta
1182 496 1248 561 siut
1273 520 1301 562 a.
1323 498 1358 562 d.

254 596 326 665 VII.
348 597 397 664 Id.
424 596 532 680 Quint.
556 624 582 666 a.
605 600 759 685 IOCCX,
790 625 850 692 pro
874 613 960 670 certo
987 605 1182 671 concludere
1203 604 1279 670 licet
1299 604 1358 670 Oi·

170 774 177 787 ,
255 728 405 773 ceronam
427 729 508 793 quae
523 711 670 795 promisit
680 713 840 800 perficere
856 712 1009 796 uoluisse,
1032 736 1093 779 nec
1112 734 1191 778 uero
1213 733 1357 798 unquam
1426 773 1433 779 .

216 898 219 905 Δ
254 838 291 882 re
313 839 391 883 uera
409 819 598 903 perfecisse.
640 819 854 908 Septuaginta
878 822 963 887 enim
979 822 1143 908 epistulae,
1166 812 1356 908 quaequar·

253 932 317 989 tam
339 926 407 989 fere
428 935 551 1011 partem
585 948 694 993 earum
722 929 882 1010 efficiunt,
913 950 991 1015 quaa
1021 929 1119 995 hodie
1148 931 1183 993 in
1212 929 1354 995 sedecim

253 1031 343 1098 libris
368 1054 441 1120 epp.
463 1034 503 1099 ad
527 1036 599 1100 fam.
623 1037 780 1102 conlectus
809 1039 964 1104 habemus
995 1076 1037 1088 —-
1068 1047 1163 1124 quota
1186 1058 1259 1124 pars
1285 1037 1355 1100 illa·

253 1162 325 1206 rum
348 1151 445 1224 erant,
467 1136 557 1211 unde
574 1143 633 1210 hos
654 1146 752 1211 libros
778 1148 896 1213 electos
921 1169 992 1212 esse
1015 1147 1150 1213 sumus!
1195 1144 1276 1227 Quis
1299 1167 1354 1210 aa·

252 1256 317 1315 tem
331 1248 522 1317 Ciceronem
542 1263 706 1340 postremo
727 1255 812 1321 uitae
836 1278 918 1321 anno
941 1257 1087 1321 omnibus
1109 1257 1206 1321 rebus
1226 1264 1352 1342 pertur-

254 1358 334 1424 batis
357 1368 480 1425 tantum
502 1363 712 1449 epistularum
734 1387 902 1429 numerum
925 1366 1116 1450 conlegisse,
1134 1365 1353 1452 perspexisse,

254 1468 440 1534 correxisse
462 1470 579 1557 putat?
621 1472 666 1536 At
687 1472 763 1558 quid
779 1472 851 1538 dico
864 1481 1061 1559 postremum
1078 1474 1160 1539 uitae
1181 1492 1300 1538 annum
1311 1510 1362 1571 -j

253 1574 350 1641 immo
372 1578 542 1662 postremis
563 1581 726 1647 mensibus
747 1582 1070 1667 hebdomadibusque
1083 1605 1156 1648 eum
1177 1582 1225 1647 his
1238 1582 1351 1647 studiis

251 1683 435 1757 incubuisse
453 1710 581 1753 sumere
604 1690 818 1772 deberemus,
832 1714 904 1756 oum
925 1692 987 1778 ipsi
1000 1692 1175 1757 habeamus
1197 1712 1279 1777 quae
1300 1691 1351 1754 lit-

252 1803 339 1859 terae
359 1780 468 1880 paucis
490 1797 652 1862 mensibus
671 1809 744 1864 ante
769 1801 836 1865 eius
857 1801 977 1869 obitum
998 1798 1134 1887 scriptae
1156 1800 1227 1865 sint.
1270 1798 1352 1879 Qui·

253 1924 390 1990 cumque
409 1914 514 1969 autem
539 1903 705 1972 Ciceronis
728 1909 955 1990 recordantur,
981 1931 1075 1994 quani
1096 1909 1214 1975 misere
1234 1908 1354 1987 sollici7

251 2021 312 2093 tus,
334 2023 533 2097 quantopere
551 2018 754 2100 perturbatus
776 2016 833 2081 illo
855 2027 1000 2104 tempore
1022 2017 1132 2099 fuerit,
1172 2017 1212 2082 de
1233 2017 1351 2083 talibus

251 2122 455 2207 recogitare
478 2123 608 2208 quidem
631 2124 729 2189 licere
753 2127 938 2192 concedent.
966 2126 1064 2192 Adde
1075 2126 1259 2211 neglectum
1281 2126 1352 2212 epi·

162 2290 166 2297 .
250 2228 403 2294 striarum
426 2230 582 2314 ordinem,
605 2233 732 2318 qualem
746 2232 861 2299 Cicero
883 2242 1081 2319 nequaquam
1107 2234 1239 2316 tulisset,
1263 2231 1351 2298 adde

253 2337 410 2424 denique,
441 2341 530 2426 quod
550 2364 592 2407 ne
615 2353 796 2428 congruunt
819 2342 952 2427 quidem
971 2342 1206 2428 diuulgatarum
1229 2342 1346 2429 epistu-

250 2447 353 2512 larum
374 2450 515 2515 rationes
541 2474 612 2516 cum
634 2452 691 2515 illo
703 2449 790 2517 Tulli
810 2451 941 2517 consilio
960 2452 1113 2517 -uiue
1135 2448 1349 2517 Cicerone

253 2554 464 2641 epistulas
488 2556 626 2623 editas
648 2581 728 2623 non
752 2581 844 2623 esse
863 2558 1095 2643 intellegimus.

334 2661 400 2729 Iam
422 2665 449 2729 si
471 2666 646 2731 accuratius
669 2667 856 2752 inquirimus
887 2668 920 2730 in
949 2666 1041 2731 illum
1062 2667 1260 2750 ,neglectum
1282 2669 1350 2751 epi-

251 2772 403 2838 stularum
424 2774 465 2838 ad
484 2772 580 2839 Attio.
604 2774 771 2855 ordinem‘,
795 2795 890 2858 quem
919 2774 1046 2858 saepius
1076 2773 1181 2838 adhue
1210 2794 1349 2837 comme-

250 2881 456 2961 morauimus,
479 2900 544 2947 non
564 2879 638 2965 plus
660 2878 800 2964 quinque
821 2879 920 2944 libros
943 2879 984 2943 ita
997 2878 1189 2965 compositos
1208 2897 1280 2942 asse
1301 2877 1350 2940 uis

252 2986 375 3068 demus,
398 2998 433 3052 ut
452 2987 516 3052 diei
538 3009 600 3074 quo
624 3010 769 3073 quaeque
792 2988 915 3052 litterae
938 2987 1054 3052 missae
1069 2996 1186 3069 esseut,
1208 2986 1287 3050 ratio
1309 2985 1351 3050 sit

250 3090 365 3167 habita.
417 3094 506 3179 Quid
529 3096 617 3183 quod
638 3119 679 3161 ne
700 3097 734 3161 in
762 3096 814 3173 his
844 3096 974 3182 quidem
1004 3097 1150 3182 quinquer
1172 3094 1261 3162 libris
1289 3096 1354 3181 (est

252 3204 406 3288 quintum,
418 3205 600 3291 septimum,
612 3215 768 3289 octauum,
785 3227 914 3287 nonum,
932 3205 1104 3292 decimum)
1128 3205 1233 3273 omnia
1253 3203 1296 3269 ita
1318 3222 1355 3269 se
1424 3284 1430 3295 Ι

170 3404 173 3409 Ι
250 3311 379 3394 habent,
400 3322 437 3376 ut
460 3313 655 3380 dubitatione
668 3324 797 3380 careant
807 3315 867 3400 *ἢκ
889 3323 1069 3381 ceterorum
1090 3313 1246 3398 epistulae
1267 3311 1351 3377 aliae

250 3418 353 3505 magis
381 3418 449 3484 aliis
480 3422 658 3506 permixtae
682 3428 756 3487 sunt
782 3431 877 3506 atque
910 3422 1071 3487 confusae.
1125 3419 1241 3507 Neque
1270 3439 1354 3484 uero

249 3527 334 3591 hunc
354 3529 572 3613 perturbatum
598 3530 743 3594 ordinem
765 3529 842 3594 solia
856 3528 993 3593 librariis
1007 3528 1149 3594 tribuere
1170 3529 1254 3609 licet,
1279 3548 1350 3595 cum

322 3814 368 3884 47)
388 3813 469 3882 Quod
487 3814 563 3869 eod:
582 3814 691 3882 ,inistar
713 3854 719 3867 .
740 3856 745 3868 .
768 3855 774 3867 .
796 3810 960 3884 Equidem.
983 3856 988 3867 .
1010 3852 1016 3864 .
1041 3813 1182 3868 sumenda‘
1205 3813 1258 3868 hoe
1282 3811 1352 3866 nihil

252 3910 288 3965 ud
305 3927 370 3981 nos3
397 3912 587 3980 quadrantem
611 3911 648 3967 ad
672 3928 731 3966 rem
755 3911 844 3981 ipsam
868 3912 972 3966 attinet
996 3910 1032 3966 cf.
1056 3910 1092 3965 ad
1115 3911 1174 3965 due.
1193 3909 1254 3964 1111.
1274 3908 1300 3962 6.
1318 3906 1351 3961 4:

251 4006 415 4075 ,Epistulam
430 4007 550 4062 Lucceio
569 4025 643 4063 nunc
662 4024 745 4077 quam
762 4007 826 4063 misi
845 4048 873 4061 ..
893 4048 899 4062 .
924 4008 968 4061 fsc
986 4011 1020 4062 ut
1037 4008 1072 4065 ab
1092 4024 1124 4062 eo
1144 4023 1247 4061 sumas:
1269 4002 1352 4058 ualde

252 4102 403 4159 bellaret}

323 4199 368 4268 aa)
388 4198 428 4254 or.
448 4198 483 4254 aa
504 4199 613 4256 erube·
630 4201 648 4257 1.
659 4201 804 4257 commas
817 4218 880 4270 epp.
890 4201 952 4267 ear,
967 4201 1120 4269 aas-aee,
1139 4199 1200 4268 aaa,
1213 4200 1275 4267 aso,
1285 4197 1349 4255 auu
