3038 4786
786 303 826 368 12

258 484 317 548 sed
344 483 401 548 toti
428 483 503 551 libri
533 485 691 570 quondam
719 486 975 574 diuulgarentur.
1028 488 1118 570 Quos
1151 491 1264 556 libros
1282 491 1353 556 illas

259 593 408 680 epistulas
438 602 469 658 et
493 593 580 680 ipsas
609 595 769 678 quondam
798 597 991 663 continuisse
1021 620 1091 664 cum
1135 599 1352 665 ratiocinando

258 701 481 767 demonstrare
498 722 678 788 possumus,
702 712 768 769 tum
788 706 953 793 praeclaro
972 705 1152 772 testimonio
1173 707 1260 772 idem
1285 706 1352 772 No-

258 810 330 875 nius
352 811 455 893 docet,
476 810 530 895 qui
550 820 597 876 tot
617 812 695 878 loeis
720 813 915 880 eOioeroni's
938 808 1083 901 epistulis
1106 815 1218 880 adlatis
1234 815 1353 903 optime

259 919 301 983 de
320 927 428 983 nostra
451 941 560 984 caussa
583 920 712 986 meritus
734 930 792 987 est.
837 921 903 1003 Qui
924 922 1001 987 inde
1022 946 1041 986 a
1060 945 1091 1005 p.
1104 923 1166 988 278
1186 925 1254 990 u.5
1274 924 1353 989 haec

257 1026 367 1092 tradit:
401 1026 464 1107 ‚ld
485 1026 609 1092 Tullius
632 1029 673 1093 ad
695 1029 839 1096 Cassium
859 1030 914 1097 lib.
935 1033 971 1096 Ie
1004 1031 1067 1095 iam
1096 1030 1260 1096 biennium
1293 1027 1348 1113 est,

259 1156 330 1201 eram
350 1135 458 1200 uirtuti
479 1136 625 1201 nuntium
643 1138 793 1203 remisisti
807 1139 967 1204 delenitus
987 1140 1148 1205 illecebris
1164 1140 1354 1226 uoluptatis‘

259 1244 380 1310 eisdem
393 1245 512 1326 uerbis,
537 1266 621 1330 quae
636 1246 669 1310 in
692 1246 828 1333 epistula
848 1248 889 1312 ad
902 1247 1048 1312 Cassium
1061 1248 1157 1314 missa
1179 1247 1266 1336 (fam.
1280 1248 1353 1313 XV.

260 1355 315 1420 16„
331 1354 365 1440 3)
386 1353 525 1439 legimus
554 1355 696 1441 (praeter
719 1356 805 1442 quod
826 1356 880 1420 hic
901 1356 1053 1441 seriptum
1076 1366 1138 1423 esta
1173 1356 1355 1439 ,biennium

259 1461 496 1528 auttriennium
517 1464 605 1548 esti).
648 1462 744 1529 Vnde
765 1463 909 1549 sequitur
928 1473 962 1528 ut
984 1463 1059 1529 illae
1082 1466 1124 1530 de
1148 1466 1261 1551 quibus
1283 1465 1351 1551 agi-

258 1595 328 1636 mus
351 1567 506 1658 epistulae
527 1581 582 1639 aut
608 1571 698 1659 prius
722 1573 826 1638 editae
847 1573 881 1638 in
903 1572 1073 1659 ampliores
1104 1595 1154 1660 ep.
1176 1575 1276 1640 libros
1305 1595 1354 1640 re-

260 1688 370 1766 ceptae
390 1681 453 1743 sint
472 1689 526 1745 aut
547 1680 574 1745 si
593 1680 737 1766 integros
758 1681 858 1749 libros
881 1690 953 1746 ante
965 1681 1224 1768 diuulgaverunt
1248 1705 1290 1748 ex
1304 1682 1354 1748 his

258 1797 404 1876 sumptae
427 1787 461 1853 in
483 1797 605 1853 nostras
630 1789 801 1875 ‚epistulas
822 1790 863 1855 ad
885 1782 1077 1855 familiares‘
1109 1791 1290 1857 transierint
1314 1829 1355 1840 -

259 1918 394 1983 quorum
414 1896 495 1962 illud
518 1897 717 1962 reiciendum
741 1906 796 1962 est.
848 1896 931 1963 Nam
954 1907 989 1962 ut
1011 1898 1127 1964 detali
1149 1900 1356 1986 epistularum

258 2005 447 2091 repetitione
481 2009 577 2091 (quae
599 2006 625 2070 si
647 2006 846 2091 antiquorum
869 2006 1104 2071 consuetudinis
1123 2008 1278 2091 rationem
1300 2009 1355 2074 ha-

260 2116 373 2180 bemus
398 2114 471 2179 satis
492 2113 572 2179 mira
596 2115 687 2179 nobis
710 2114 887 2201 uidebitur)
911 2123 1031 2180 taceam
1053 2155 1094 2165 -
1113 2138 1247 2183 necesse
1271 2125 1356 2183 esset

259 2244 458 2287 sumeremus
480 2222 649 2288 nonnullas
676 2221 840 2288 Ciceronis
864 2222 1016 2309 epistulas
1038 2246 1102 2288 una
1132 2247 1203 2290 cum
1227 2225 1298 2291 aliis
1321 2226 1354 2289 in

257 2352 358 2395 unum
380 2351 494 2416 corpus
522 2330 700 2396 coniunctas
724 2331 822 2396 editas
846 2351 926 2412 esse,
950 2340 1062 2416 postea
1082 2341 1200 2398 ceteras
1224 2333 1265 2397 'ad
1286 2356 1354 2399 eos·

260 2439 334 2503 dem
355 2439 442 2504 uiros
465 2439 614 2526 scriptas3
636 2428 734 2524 idque
756 2462 821 2504 non
844 2441 945 2505 semel
967 2439 1026 2504 sed
1048 2441 1212 2506 minimum
1235 2450 1285 2507 ter
1304 2467 1354 2509 ac·

261 2547 385 2613 cidisse.
439 2547 527 2628 Quid
556 2557 661 2613 autem
684 2548 771 2633 quod
793 2547 935 2614 sedecim
963 2548 1064 2615 libros
1086 2548 1294 2634 epistularum
1316 2551 1355 2614 ad

261 2655 333 2720 fam.
355 2656 388 2720 in
410 2658 574 2743 complura
604 2678 738 2742 corpora
760 2656 929 2742 separatim
958 2657 1109 2741 quodque
1137 2658 1222 2740 edita
1251 2659 1356 2724 seium

261 2766 368 2850 ganda
390 2786 462 2830 esse
489 2765 655 2830 uidimus?
706 2764 834 2851 Septies
867 2765 936 2850 (uel
963 2764 1057 2830 etiam
1085 2766 1198 2852 octies)
1234 2767 1354 2853 aliquot

262 2872 417 2959 epistulae
451 2873 546 2938 simul
575 2896 646 2939 cum
674 2872 744 2938 aliis
768 2873 952 2960 diuulgatae
972 2883 1096 2957 essent,
1115 2884 1228 2961 postea
1249 2875 1354 2941 denuo

260 2982 433 3047 nonnullae
468 2984 509 3047 ad
523 2974 527 2982 ’
542 2983 674 3047 eosdem
697 2982 784 3058 uiros
807 2982 922 3078 missae
944 3007 1008 3049 una
1039 3008 1109 3049 cum
1131 2983 1266 3050 aliorum
1290 2985 1355 3073 epi·

260 3090 360 3156 stulis.
412 3089 504 3170 Quae
527 3092 725 3159 edendorum
747 3092 939 3178 scriptorum
968 3093 1046 3159 ratio
1075 3097 1114 3160 ab
1139 3094 1224 3159 illius
1246 3095 1354 3159 aetatis

261 3198 490 3265 consuetudine
519 3221 649 3283 prorsus
673 3200 833 3265 abhorret.
890 3199 978 3280 Quid
998 3201 1107 3269 enim?
1140 3221 1196 3263 cur
1227 3199 1355 3263 tandem

259 3308 362 3392 potuit
388 3306 416 3371 is
445 3305 500 3390 qui
524 3306 675 3391 epistulas
708 3307 748 3372 ad
777 3307 828 3371 M.»
843 3305 1011 3372 Claudium
1040 3304 1225 3371 Marcellum
1253 3305 1296 3370 M.
1317 3303 1355 3370 F.

263 3416 355 3501 (IIII.
379 3416 496 3500 7-11)
521 3413 707 3500 diuulgauit,
732 3414 898 3500 epistulam
919 3414 1030 3478 ΧΗ
1051 3412 1092 3476 ad
1118 3411 1256 3478 eundem
1280 3413 1355 3479 scri·

261 3533 347 3610 ptam
366 3544 433 3586 non
447 3532 479 3587 et
497 3523 598 3606 ipsam
623 3522 816 3606 diuulgare?
858 3520 926 3585 Gur
947 3520 1002 3605 qui
1024 3520 1175 3606 epistulm
1199 3523 1238 3586 ad
1251 3522 1354 3588 Ther·

261 3655 348 3698 mum
369 3631 463 3696 XIII.
485 3631 624 3710 53-57)
654 3629 771 3711 edidit,
801 3629 889 3693 illam
920 3629 1025 3695 eidem
1053 3630 1183 3695 missam
1217 3631 1274 3717 (II.
1299 3633 1352 3718 18)

263 3739 361 3805 edere
383 3758 447 3801 non
469 3736 597 3823 potuit?
641 3734 708 3801 Cur
737 3735 786 3800 cui
817 3743 963 3820 quattuor
995 3744 1026 3800 et
1054 3733 1169 3821 uiginti
1200 3736 1355 3823 epistulae

262 3844 427 3914 Ciceronis
451 3854 482 3910 et
500 3843 609 3909 Planci
630 3842 687 3931 (X.
708 3845 725 3909 1
744 3846 807 3932 sq.)
829 3842 1013 3930 obtigerunt
1033 3846 1101 3909 sola
1123 3865 1173 3930 ep.
1195 3843 1290 3912 XIII.
1314 3846 1355 3911 29

260 3954 301 4020 ad
320 3953 458 4019 eundem
478 3952 631 4020 Plancum
653 3975 717 4017 non
740 3953 880 4039 obtigit?
930 3956 1038 4039 Atque
1067 3954 1140 4019 talia
1171 3954 1277 4020 decies
1302 3954 1357 4020 uel

261 4063 413 4130 undecies
437 4065 516 4131 facta
537 4086 608 4131 esse
631 4063 700 4150 quis
724 4072 772 4128 cst
798 4063 852 4149 qui
883 4063 1014 4129 eredat?
1065 4062 1134 4130 Sed
1169 4085 1356 4148 quamquam

262 4172 332 4237 talis
356 4172 553 4239 edendarum
577 4173 782 4260 epistularum
796 4171 875 4239 ratio
888 4171 1036 4237 reiciatur
1056 4193 1122 4237 non
1143 4171 1247 4237 solum
1259 4193 1360 4257 opor<
