3038 4786
714 320 735 382 9

184 501 296 565 decimi
319 500 393 566 libri
412 500 563 586 epistulas
583 500 625 563 47
650 509 681 563 et
701 499 859 564 dl‘finem
880 498 1004 586 cepisse
1025 505 1194 563 statuamus
1216 519 1275 562 nos
1370 502 1395 557 'r

184 609 348 674 adducere
369 630 435 674 non
451 630 547 694 posse
566 608 622 673 uel
644 630 687 672 ex
711 608 755 672 eis
777 608 919 693 adparet,
943 628 1024 692 quae
1038 610 1134 693 supra
1155 607 1196 671 de
1218 607 1275 671 hu·

181 719 230 782 ius
252 719 326 784 libri
344 718 455 783 indole
478 727 571 802 atque
593 717 715 782 ratione
738 717 979 803 disputauimus.
1011 756 1054 766 —
1089 715 1182 797 Quae
1202 738 1275 781 cum

181 827 224 892 ita
255 827 318 890 sint
337 827 498 891 neminem
519 826 578 891 hac
597 826 649 890 uia
668 847 892 911 processurum
917 833 1105 912 esse‘puto‚
1137 833 1171 889 ut
1198 834 1274 910 quot

184 954 327 1020 corpora,
349 957 427 1020 quos
451 936 565 1020 cuique
587 935 669 999 fines
692 956 819 999 sumere
841 956 921 1020 opus
943 935 982 999 sit
1001 933 1191 1020 inuestiget3
1220 956 1274 999 ne-

184 1065 246 1128 que
270 1053 318 1109 est
339 1066 395 1109 cur
418 1043 592 1125 doleamus,
617 1043 703 1129 quod
726 1044 807 1108 hanc
826 1045 911 1108 uiam
935 1046 1050 1108 frustra
1070 1044 1272 1125 tentauimus‚

183 1152 244 1217 alia
265 1151 350 1217 enim
369 1161 466 1238 patet,
491 1174 573 1238 quae
595 1174 658 1236 quo
677 1152 836 1218 tendimus
862 1175 899 1217 eo
916 1154 1020 1218 ducet.
1063 1151 1173 1237 ltaque
1195 1173 1276 1237 quae

186 1265 291 1331 adhue
305 1263 533 1350 disputauimus
548 1265 661 1330 eahoe
677 1264 808 1328 docent:
831 1261 1015 1328 sedecim
1035 1244 1170 1327 libres
1189 1260 1275 1347 epi-

73 1442 77 1447 ,
184 1372 393 1437 stularum
417 1373 463 1437 ad
485 1372 985 1458 famplus'unumcorpus
1007 1369 1063 1434 ita
1080 1367 1275 1450 efficere,

184 1490 226 1544 ut
251 1478 485 1546 libeerlI.
507 1502 586 1544 non
609 1479 799 1544 eiusdem
820 1501 863 1543 ac
883 1477 1084 1560 libl-X,
1108 1476 1276 1563 quintus

187 1589 370 1655 decimus
394 1597 531 1654 autem
553 1587 660 1657 alius
682 1588 754 1669 sit,
779 1611 825 1652 ac
846 1585 1015 1655 I—'XlL
1032 1585 1147 1651 libri.
1182 1584 1279 1652 Nunc

186 1699 226 1763 ad
249 1698 342 1764 aliam
367 1697 612 1783 disputationem
633 1718 692 1762 nos
716 1705 956 1778 senuerimus,
990 1716 1070 1780 quae
1089 1694 1176 1759 unde
1205 1694 1278 1759 faci·

184 1807 246 1870 lius
268 1815 300 1871 et
320 1806 435 1872 certius
459 1807 500 1871 de
521 1827 691 1891 corporum
711 1827 846 1871 numero
861 1805 1042 1889 finibusque
1059 1803 1212 1870 iudicium
1234 1804 1278 1869 fa·

185 1915 300 1980 ciamus
317 1915 495 1999 praebebit.
512 1950 554 1965 --

271 2039 424 2105 Maximae
447 2040 591 2126 profecto
622 2039 833 2124 mirificasque
862 2040 979 2125 gratias
1007 2040 1153 2104 fortunae
1182 2040 1278 2106 debe-

141 2142 144 2147 ’
183 2170 272 2230 mus,
307 2170 388 2232 quae
410 2158 456 2212 tot
478 2148 642 2215 Ciceronis
673 2149 824 2234 epistulas
857 2170 974 2233 easque
997 2157 1062 2213 tam
1079 2148 1279 2214 diuersorum

184 2279 342 2344 generum
366 2257 457 2322 nobis
477 2257 579 2322 uoluit
601 2279 751 2339 seruare,
782 2279 854 2323 cum
877 2257 927 2322 cui
947 2258 1020 2343 plus
1044 2280 1119 2321 usus
1144 2258 1278 2323 fructus-

185 2388 247 2451 que
270 2366 424 2448 adferant,
447 2375 553 2431 utrum
571 2366 723 2432 historiae
746 2366 857 2431 studiis
879 2389 918 2433 an
933 2366 1083 2432 scientiae
1105 2366 1280 2431 litterarum

188 2499 227 2538 an
251 2475 477 2560 grammaticae
495 2497 535 2538 an
559 2475 626 2539 aliis
650 2475 823 2562 disciplinis
840 2474 972 2540 difficile
992 2475 1033 2539 sit
1054 2474 1148 2540 dictu.
1192 2474 1278 2539 Atta-

186 2606 260 2648 men
283 2605 376 2668 quam
396 2605 515 2669 paucae
538 2584 579 2649 ad
601 2605 659 2648 nos
688 2584 877 2668 peruenisse
903 2583 1071 2665 uidentur,
1105 2583 1133 2647 si
1165 2591 1281 2668 quanta
1352 2656 1356 2663 ἢ

183 2693 351 2757 multitudo
374 2715 439 2757 non
458 2692 574 2779 scripta
595 2693 635 2758 sit
656 2693 784 2758 omnino
808 2692 1005 2775 aGieerone,
1028 2692 1086 2757 sed
1108 2692 1141 2757 in
1160 2692 1279 2777 uulgus

183 2802 342 2885 quondam
368 2801 453 2867 edita
476 2796 731 2867 consideramus!
775 2801 857 2871 Sunt
879 2802 982 2883 enim,
1013 2802 1126 2888 quibus
1156 2802 1280 2866 miserit

183 2911 375 2997 permultas,
402 2934 533 2998 quarum
555 2935 639 2977 nune
660 2934 701 2977 ne
722 2936 785 2977 una
807 2912 938 2996 quidem
962 2920 1080 2993 exstet,
1109 2920 1182 2976 sunt
1201 2935 1279 2997 quo·

186 3039 266 3103 que,
289 3040 421 3104 quorum
444 3019 573 3084 nomina
594 3043 678 3086 nunc
698 3019 753 3086 uel
774 3021 829 3084 uni
851 3021 905 3084 uel
934 3021 1103 3106 perpaucis
1133 3020 1277 3105 epistulis

185 3126 336 3212 inscripta
355 3127 571 3211 inueniantnr,
604 3130 747 3215 quamuis
777 3129 850 3193 satis
874 3149 1024 3214 magnum
1045 3128 1202 3194 librorum
1221 3152 1279 3193 nu-

183 3257 308 3300 merum
333 3236 374 3301 ad
396 3236 528 3303 eosdem
548 3237 691 3303 missum
713 3246 886 3325 posteaque
913 3237 1114 3323 diuulgatum
1137 3258 1208 3302 esse
1230 3238 1278 3302 illi
1353 3266 1368 3287 ν

184 3345 303 3430 antiqui
323 3347 495 3434 scriptores
528 3347 764 3429 demonstrent,
798 3347 911 3433 quibus
942 3346 1047 3412 adhuc
1076 3346 1110 3410 in
1133 3347 1278 3413 manibus
1307 3366 1310 3370 ⁴

182 3464 279 3519 erant.
322 3453 448 3520 Etenim
470 3465 505 3519 ut
525 3479 588 3521 una
608 3457 715 3522 tabula
736 3478 953 3542 quaecumque
977 3456 1148 3541 aliquando
1174 3456 1276 3521 diuul-

181 3571 255 3649 gata
274 3584 344 3628 esse
367 3564 561 3650 inuestigare
578 3565 668 3652 potui
691 3565 969 3652 comprehendam,
982 3575 1111 3651 praeter
1133 3588 1170 3631 ea
1194 3588 1276 3651 quae

181 3673 221 3738 ed
246 3681 385 3737 nostram
409 3682 543 3738 aetatem
562 3683 780 3762 peruenerunt
802 3673 1047 3760 haecsunt1⁷):

180 3878 379 3888 -—.—-.-—-

254 4017 295 4087 17)
313 4018 405 4074 Vnum
440 4023 551 4075 tantum
580 4036 635 4091 quo
659 4020 781 4091 quidque
808 4023 1041 4076 commemoratur
1065 4020 1158 4076 locum
1186 4020 1276 4089 attuli,

180 4114 266 4168 etiam
289 4113 313 4168 si
336 4115 419 4170 multi
441 4119 560 4171 exstant.
604 4117 679 4184 Quas
703 4116 794 4171 minus
818 4121 895 4172 certa
918 4120 983 4172 sunt
1003 4117 1082 4172 uncis
1099 4116 1208 4187 inclusi,
1226 4134 1274 4172 ex·

180 4208 269 4280 plicui
287 4210 522 4268 adnotationibus.
