3038 4786
793 326 837 390 te

221 525 223 529 ·
344 505 459 575 Paullo
482 505 586 571 minus
609 514 730 572 aerurm
752 528 845 592 quam
868 506 911 571 de
933 505 1137 594 epismlis'sd
1150 506 1291 572 Attieuru
1313 505 1362 570 iu·

265 614 383 681 dieium
409 614 451 679 de
472 613 607 680 tribua
628 603 759 679 libri's
786 615 838 680 sd
861 612 1059 694 Quintum
1090 614 1265 679 fratrem
1286 612 1361 679 mis·

262 721 305 787 sis
321 731 377 802 est,
399 742 480 806 ques
503 719 694 789 selectos
709 728 795 787 'non
815 742 915 787 esse
936 742 1125 806 quamquam
1137 743 1262 789 summa
1278 700 1360 786 lidu-

263 830 310 899 eia
329 828 508 895 adfirmare
524 851 589 894 nun
611 850 790 915 possumus,
812 814 1070 915 tamen'prorsus
1090 828 1160 895 u‘eri
1179 827 1285 893 simile
1303 837 1361 895 est.

260 935 344 1001 Nam
365 946 591 1022 argumentum
614 937 775 1020 quoddam
796 936 861 1003 iam
881 936 958 1003 iude
977 946 1088 1022 petere
1111 937 1196 1017 lieet,
1222 937 1314 1021 quod'
1327 935 1362 1021 bi

261 1045 335 1112 libri
355 1043 421 1113 aeri
444 1068 516 1113 cum
540 1045 699 1131 excerptis
722 1046 785 1111 illis
808 1045 900 1133 (epp-
921 1046 963 1110 ad
989 1046 1077 1131 fam.)
1106 1046 1140 1111 in
1170 1046 1286 1111 eodem
1310 1065 1361 1110 uo·

263 1153 335 1219 diae
359 1154 526 1235 coniuncti,
548 1154 607 1220 sed
629 1154 764 1220 seiuncti
785 1156 891 1240 potius
911 1154 949 1221 in
971 1156 1086 1221 eudem
1100 1155 1183 1221 libro
1196 1154 1362 1242 repertun·

262 1273 323 1345 tur,
348 1263 400 1348 qui
423 1262 574 1348 epistulas
597 1263 638 1328 ad
647 1262 799 1344 Atticum,
824 1264 1057 1349 quaeseledtae
1077 1287 1160 1330 non
1181 1273 1264 1345 sunt,
1289 1268 1362 1329 eane

260 1374 348 1443 tinet
391 1371 523 1437 Deinde
545 1380 619 1437 sunt
639 1394 790 1454 caussae,
830 1395 887 1438 eur
914 1373 974 1437 hus
995 1382 1060 1438 tres
1083 1372 1292 1439 libressuloe
1316 1371 1363 1439 di-

215 1452 219 1477 Ι
260 1481 408 1565 uulgatus
433 1501 504 1544 esse
530 1488 687 1566 putemus.
741 1479 834 1560 Quae
858 1481 1012 1566 epistulae
1035 1500 1106 1547 aum
1129 1490 1193 1545 tam
1211 1469 1362 1546 aromate

260 1606 325 1655 uon
344 1588 448 1655 selum
472 1600 626 1655 annorum
649 1588 709 1655 sed
732 1589 825 1655 etiam
847 1589 1051 1676 dierumque
1075 1610 1219 1675 quaeque
1239 1588 1359 1676 scripta

262 1707 310 1762 est
326 1696 476 1775 ‚ordinem
496 1705 627 1761 seruent
647 1696 736 1782 ipsae
758 1695 911 1776 Quintum
935 1720 1042 1767 euram
1065 1697 1224 1784 quandam
1254 1696 1358 1763 inhia

260 1788 356 1869 rebus
380 1802 564 1868 adhibuisse
587 1804 712 1868 docent.
764 1801 876 1889 Itaque
900 1826 970 1868 euru
993 1813 1058 1869 tres
1083 1804 1158 1869 libri
1180 1805 1274 1873 nubis
1293 1825 1362 1877 ser·

259 1912 324 1977 uati
345 1912 428 1977 intra
449 1934 566 1977 anuum
587 1909 894 1980 IOCLXXXXIIII.
918 1920 949 1977 et
972 1911 1085 1980 1000.
1109 1913 1196 1979 missi
1211 1916 1282 1994 sint,
1308 1935 1361 1978 eas

262 2040 338 2104 quas
363 2019 539 2105 posthunc
568 2039 687 2082 annum
710 2016 825 2083 Cicera
857 2019 898 2083 ad
928 2020 1058 2117 fratrem
1088 2020 1177 2085 dedit
1206 2020 1356 2105 epistulas

259 2130 298 2193 ab
320 2128 391 2214 ipse
412 2126 532 2208 Quinto
555 2127 675 2191 deletas
699 2148 771 2191 esse
794 2128 944 2194 conicio:
978 2127 1069 2209 Quae
1092 2130 1273 2195 coniectura
1293 2127 1360 2213 pri·

259 2252 346 2301 mum
369 2234 402 2299 in
425 2253 477 2300 eas
503 2235 601 2319 eadit,
629 2256 710 2320 quae
733 2236 822 2301 fratri
845 2237 933 2302 anuis
955 2234 1274 2322 todo-locon„
1299 2256 1361 2325 que

259 2350 405 2431 tempore
429 2342 522 2430 “apud
553 2343 723 2412 Caesarem
752 2343 786 2409 in
817 2344 924 2412 Gallia
952 2339 1211 2431 uersabaturffl),
1246 2348 1360 2415 missae

259 2446 347 2550 susut3
381 2452 424 2519 Μ.
455 2451 697 2521 Tulliusenim
729 2454 799 2541 ipse
830 2478 879 2543 ep.
912 2455 953 2521 ad
981 2455 1090 2538 Quint.
1123 2458 1161 2523 fr.
1180 2437 1358 2527 111.'9·.3:

258 2561 376 2645 ,Quam
397 2568 515 2627 autem‘
540 2563 642 2648 inquit
660 2574 705 2649 ‚te
727 2565 824 2629 uelim
846 2576 971 2633 cautum
985 2588 1056 2631 esse
1076 2566 1110 2633 ia
1123 2566 1293 2632 scribendo
1317 2588 1361 2631 ex

259 2673 323 2739 hoe
343 2669 490 2752 conicito,
513 2672 600 2756 quud
624 2695 686 2758 ego
709 2674 749 2738 ad
771 2681 803 2736 te
826 2694 867 2736 ne
889 2672 968 2738 haee
988 2671 1119 2756 quidam
1139 2674 1254 2752 scribe,
1278 2692 1361 2756 quae

258 2782 363 2867 palam
381 2781 416 2844 in
437 2802 472 2845 re
495 2770 622 2868 publiea
642 2782 827 2861 turbentur,
850 2798 892 2843 ne
915 2780 1098 2863 cuiusquam
1112 2779 1251 2843 animum
1266 2792 1360 2841 meae

262 2888 387 2956 litterae
409 2891 605 2978 interceptae
628 2889 814 2954 offendant!
854 2887 983 2972 Itaque,
1016 2907 1086 2951 eum
1108 2885 1142 2950 in
1163 2885 1211 2949 his
1234 2893 1356 2971 postre-

257 2998 316 3063 mis
340 3020 416 3082 quas
438 2994 608 3063 habeamus
632 2996 672 3063 ed
697 2998 826 3061 fratrum
848 2995 960 3061 litteris
982 2994 1106 3061 Marcus
1128 2992 1282 3076 Quintum
1304 2992 1359 3059 ad·

256 3107 413 3190 hortetur,
427 3116 475 3188 ut
497 3116 604 3172 cautus
626 3106 659 3170 in
680 3104 850 3170 scribendo
874 3106 930 3189 sit,
963 3128 1097 3192 eumque
1123 3105 1193 3193 ipse
1216 3127 1257 3171 ne
1283 3125 1359 3172 suae

261 3215 415 3303 epistulae
438 3213 678 3301 intercipiantur
699 3224 866 3296 uersatur,
899 3216 1027 3281 fratrem
1051 3237 1104 3281 eas
1125 3237 1167 3280 ne
1186 3214 1220 3278 in
1241 3211 1357 3281 Caesa·

256 3325 419 3390 rianorum
439 3344 551 3391 manus
572 3321 752 3389 inciderent
772 3320 933 3391 delenisse
955 3323 1047 3391 faeile
1068 3323 1160 3396 nubis
1181 3322 1358 3408 persuade·

145 3716 148 3721 1
257 3640 355 3710 eum‘)‚
383 3638 486 3697 Charis.
504 3640 624 3710 pg.146.
642 3641 675 3695 31
694 3638 769 3694 Keil.
790 3639 843 3708 ed,
857 3638 984 3695 Diomed.
1001 3655 1051 3710 apg.
1063 3640 1125 3695 410.
1142 3641 1161 3695 8
1180 3641 1358 3709 (quamquam

256 3736 331 3793 hune
349 3734 460 3804 quidem
477 3735 569 3791 loemn
586 3736 732 3790 turbatum
748 3752 808 3790 esse
820 3739 913 3805 pstet3
929 3751 979 3789 eur
996 3739 1090 3789 autem
1098 3734 1205 3791 Kailius
1220 3750 1266 3791 aas
1287 3750 1359 3806 ,pra-

256 3832 320 3904 pius
339 3849 366 3901 g,
386 3831 499 3887 weessi‘
518 3849 535 3887 a
552 3832 734 3902 grammatico
755 3833 818 3902 ipso
835 3831 902 3887 fiete
921 3848 979 3886 asae
999 3835 1098 3902 putet,
1126 3850 1184 3887 non
1201 3832 1357 3902 intellege).

260 3926 359 3987 Posset
383 3943 449 3982 saue
470 3944 530 3982 esse
551 3928 599 3997 qui
614 3928 705 3983 tribus
721 3928 765 3983 his
782 3929 852 3984 loeis
876 3929 934 3997 ,ad
953 3927 1095 3984 Axium‘
1119 3930 1242 3986 seribere
1260 3926 1359 3982 mallet

257 4023 296 4094 (id
312 4022 387 4093 quad
404 4022 514 4095 Lipsius
531 4024 607 4095 apud
624 4025 758 4081 Senecam
775 4026 794 4080 t
812 4043 836 4082 o
854 4040 970 4080 reuera
987 4025 1080 4095 feeit),
1107 4026 1158 4080 aed
1176 4040 1229 4096 ego
1257 4028 1289 4077 ut
1312 4023 1359 4077 uel

257 4121 376 4179 unauel
393 4137 499 4191 pausae
515 4122 652 4194 epistulae
668 4122 871 4177 interciderent
887 4118 997 4177 lauillus
1013 4120 1075 4177 fieri
1091 4122 1219 4192 petuisse
1234 4125 1314 4191 puta

327 4217 801 4288 wffi.mwmfflw
