<?xml version="1.0" encoding="UTF-8"?>
<!DOCTYPE html PUBLIC "-//W3C//DTD XHTML 1.0 Transitional//EN"
    "http://www.w3.org/TR/xhtml1/DTD/xhtml1-transitional.dtd">
<html xmlns="http://www.w3.org/1999/xhtml" xml:lang="en" lang="en">
 <head>
  <title>
</title>
<meta http-equiv="Content-Type" content="text/html;charset=utf-8" />
  <meta name='ocr-system' content='tesseract 3.04.00' />
  <meta name='ocr-capabilities' content='ocr_page ocr_carea ocr_par ocr_line ocrx_word'/>
</head>
<body>
  <div class='ocr_page' id='page_1' title='image "./historiacritica01nakegoog_0022.png"; bbox 0 0 3038 4786; ppageno 0'>
   <div class='ocr_carea' id='block_1_1' title="bbox 717 323 754 386">
    <p class='ocr_par' dir='ltr' id='par_1_1' title="bbox 717 323 754 386">
     <span class='ocr_line' id='line_1_1' title="bbox 717 323 754 386; baseline -0.027 0"><span class='ocrx_word' id='word_1_1' title='bbox 717 323 754 386; x_wconf 83' lang='lat'><strong>11</strong></span> 
     </span>
    </p>
   </div>
   <div class='ocr_carea' id='block_1_2' title="bbox 187 502 1312 1574">
    <p class='ocr_par' dir='ltr' id='par_1_2' title="bbox 188 502 1227 592">
     <span class='ocr_line' id='line_1_2' title="bbox 188 502 1227 592; baseline -0.005 -18"><span class='ocrx_word' id='word_1_2' title='bbox 188 505 353 574; x_wconf 72' lang='lat' dir='ltr'><strong>Ciceronis</strong></span> <span class='ocrx_word' id='word_1_3' title='bbox 387 506 428 570; x_wconf 87' lang='lat' dir='ltr'><strong>sd</strong></span> <span class='ocrx_word' id='word_1_4' title='bbox 448 502 636 571; x_wconf 83' lang='lat' dir='ltr'><strong>Marcellum</strong></span> <span class='ocrx_word' id='word_1_5' title='bbox 646 504 690 590; x_wconf 74' lang='lat' dir='ltr'><strong>l⁸)</strong></span> <span class='ocrx_word' id='word_1_6' title='bbox 709 504 799 591; x_wconf 83' lang='lat' dir='ltr'><strong>epist.</strong></span> <span class='ocrx_word' id='word_1_7' title='bbox 813 504 907 592; x_wconf 88' lang='lat' dir='ltr'><strong>(ibid.</strong></span> <span class='ocrx_word' id='word_1_8' title='bbox 929 505 1122 590; x_wconf 75' lang='lat' dir='ltr'><strong>pg.108.26</strong></span> <span class='ocrx_word' id='word_1_9' title='bbox 1134 502 1227 591; x_wconf 79' lang='lat' dir='ltr'><strong>Keil)</strong></span> 
     </span>
    </p>

    <p class='ocr_par' dir='ltr' id='par_1_3' title="bbox 273 613 1247 700">
     <span class='ocr_line' id='line_1_3' title="bbox 273 613 1247 700; baseline -0.002 -20"><span class='ocrx_word' id='word_1_10' title='bbox 273 664 288 697; x_wconf 82' lang='lat'>„</span> <span class='ocrx_word' id='word_1_11' title='bbox 392 663 407 696; x_wconf 83' lang='lat'><strong>,‚</strong></span> <span class='ocrx_word' id='word_1_12' title='bbox 449 613 611 700; x_wconf 87' lang='lat' dir='ltr'><strong>Nepotem</strong></span> <span class='ocrx_word' id='word_1_13' title='bbox 633 615 739 681; x_wconf 83' lang='lat' dir='ltr'><strong>libll</strong></span> <span class='ocrx_word' id='word_1_14' title='bbox 760 613 913 699; x_wconf 84' lang='lat' dir='ltr'><strong>(Macrob.</strong></span> <span class='ocrx_word' id='word_1_15' title='bbox 934 622 991 678; x_wconf 81' lang='lat' dir='ltr'><strong>sat.</strong></span> <span class='ocrx_word' id='word_1_16' title='bbox 1015 613 1110 680; x_wconf 78' lang='lat' dir='ltr'><strong>Iis.</strong></span> <span class='ocrx_word' id='word_1_17' title='bbox 1133 615 1186 698; x_wconf 90' lang='grc'><strong>14)</strong></span> <span class='ocrx_word' id='word_1_18' title='bbox 1245 618 1247 623; x_wconf 83' lang='grc'><strong>’</strong></span> 
     </span>
    </p>

    <p class='ocr_par' dir='ltr' id='par_1_4' title="bbox 274 721 1081 809">
     <span class='ocr_line' id='line_1_4' title="bbox 274 721 1081 809; baseline -0.001 -21"><span class='ocrx_word' id='word_1_19' title='bbox 274 772 289 809; x_wconf 81' lang='lat'><strong>,‚</strong></span> <span class='ocrx_word' id='word_1_20' title='bbox 391 770 408 806; x_wconf 79' lang='lat'><em>„</em></span> <span class='ocrx_word' id='word_1_21' title='bbox 450 722 585 789; x_wconf 83' lang='lat' dir='ltr'><strong>Pansam</strong></span> <span class='ocrx_word' id='word_1_22' title='bbox 606 723 665 789; x_wconf 89' lang='lat' dir='ltr'><strong>lib.</strong></span> <span class='ocrx_word' id='word_1_23' title='bbox 689 722 742 789; x_wconf 90' lang='lat' dir='ltr'><strong>III</strong></span> <span class='ocrx_word' id='word_1_24' title='bbox 764 721 863 808; x_wconf 88' lang='lat' dir='ltr'><strong>(Non.</strong></span> <span class='ocrx_word' id='word_1_25' title='bbox 882 723 1003 809; x_wconf 64' lang='lat' dir='ltr'><strong>pgus.</strong></span> <span class='ocrx_word' id='word_1_26' title='bbox 1026 723 1081 809; x_wconf 72' lang='lat'><strong>21)</strong></span> 
     </span>
    </p>

    <p class='ocr_par' dir='ltr' id='par_1_5' title="bbox 272 831 1030 919">
     <span class='ocr_line' id='line_1_5' title="bbox 272 831 1030 919; baseline 0.001 -23"><span class='ocrx_word' id='word_1_27' title='bbox 272 884 288 918; x_wconf 83' lang='lat'><strong>‚‚</strong></span> <span class='ocrx_word' id='word_1_28' title='bbox 390 883 406 917; x_wconf 84' lang='lat'><strong>‚‚</strong></span> <span class='ocrx_word' id='word_1_29' title='bbox 448 832 605 917; x_wconf 87' lang='lat' dir='ltr'><strong>Pelopem</strong></span> <span class='ocrx_word' id='word_1_30' title='bbox 629 831 719 919; x_wconf 83' lang='lat' dir='ltr'><strong>epist.</strong></span> <span class='ocrx_word' id='word_1_31' title='bbox 741 831 840 917; x_wconf 83' lang='lat' dir='ltr'><strong>(Plut.</strong></span> <span class='ocrx_word' id='word_1_32' title='bbox 861 831 883 895; x_wconf 88' lang='lat' dir='ltr'><strong>l.</strong></span> <span class='ocrx_word' id='word_1_33' title='bbox 902 833 1030 916; x_wconf 82' lang='lat' dir='ltr'><strong>comm.)</strong></span> 
     </span>
    </p>

    <p class='ocr_par' dir='ltr' id='par_1_6' title="bbox 277 914 1312 1028">
     <span class='ocr_line' id='line_1_6' title="bbox 277 914 1312 1028; baseline -0.002 -20"><span class='ocrx_word' id='word_1_34' title='bbox 277 993 293 1026; x_wconf 81' lang='lat'><em>„</em></span> <span class='ocrx_word' id='word_1_35' title='bbox 383 944 411 1026; x_wconf 81' lang='lat'><strong>‘,‚</strong></span> <span class='ocrx_word' id='word_1_36' title='bbox 453 942 644 1028; x_wconf 87' lang='lat' dir='ltr'><strong>Pompeium</strong></span> <span class='ocrx_word' id='word_1_37' title='bbox 668 941 806 1008; x_wconf 87' lang='lat' dir='ltr'><strong>lib.IlII</strong></span> <span class='ocrx_word' id='word_1_38' title='bbox 826 939 924 1028; x_wconf 88' lang='lat' dir='ltr'><strong>(Non.</strong></span> <span class='ocrx_word' id='word_1_39' title='bbox 945 941 1085 1027; x_wconf 64' lang='lat' dir='ltr'><strong>ppsea</strong></span> <span class='ocrx_word' id='word_1_40' title='bbox 1108 942 1161 1027; x_wconf 87' lang='grc'><strong>19)</strong></span> <span class='ocrx_word' id='word_1_41' title='bbox 1175 940 1218 1026; x_wconf 77' lang='lat'><strong>²⁴)</strong></span> <span class='ocrx_word' id='word_1_42' title='bbox 1307 914 1312 948; x_wconf 59' lang='lat'><em>¹</em></span> 
     </span>
    </p>

    <p class='ocr_par' dir='ltr' id='par_1_7' title="bbox 187 1047 1279 1574">
     <span class='ocr_line' id='line_1_7' title="bbox 273 1047 1063 1136; baseline -0.006 -20"><span class='ocrx_word' id='word_1_43' title='bbox 273 1101 289 1136; x_wconf 85' lang='lat'><em>„</em></span> <span class='ocrx_word' id='word_1_44' title='bbox 390 1100 406 1133; x_wconf 83' lang='lat'><strong>‚,</strong></span> <span class='ocrx_word' id='word_1_45' title='bbox 449 1050 601 1116; x_wconf 78' lang='lat' dir='ltr'>Titinium</span> <span class='ocrx_word' id='word_1_46' title='bbox 625 1049 715 1135; x_wconf 88' lang='lat' dir='ltr'><strong>epist.</strong></span> <span class='ocrx_word' id='word_1_47' title='bbox 735 1047 839 1136; x_wconf 79' lang='lat' dir='ltr'><strong>(Suet.</strong></span> <span class='ocrx_word' id='word_1_48' title='bbox 862 1049 903 1114; x_wconf 91' lang='lat' dir='ltr'><strong>de</strong></span> <span class='ocrx_word' id='word_1_49' title='bbox 924 1049 1005 1114; x_wconf 90' lang='lat' dir='ltr'><strong>rhet.</strong></span> <span class='ocrx_word' id='word_1_50' title='bbox 1027 1048 1063 1136; x_wconf 80' lang='grc'><strong>2)</strong></span> 
     </span>
     <span class='ocr_line' id='line_1_8' title="bbox 188 1155 1279 1244; baseline -0.005 -20"><span class='ocrx_word' id='word_1_51' title='bbox 188 1171 201 1242; x_wconf 95' lang='grc'>[</span> <span class='ocrx_word' id='word_1_52' title='bbox 274 1209 290 1244; x_wconf 82' lang='lat'>„</span> <span class='ocrx_word' id='word_1_53' title='bbox 393 1208 410 1243; x_wconf 81' lang='lat'><strong>,‚</strong></span> <span class='ocrx_word' id='word_1_54' title='bbox 453 1158 637 1243; x_wconf 76' lang='lat' dir='ltr'><strong>uxorem²⁶)</strong></span> <span class='ocrx_word' id='word_1_55' title='bbox 654 1157 834 1244; x_wconf 82' lang='lat' dir='ltr'><strong>appperd.</strong></span> <span class='ocrx_word' id='word_1_56' title='bbox 858 1155 1279 1244; x_wconf 63' lang='lat' dir='ltr'><strong>(Dismapgaunmsspl</strong></span> 
     </span>
     <span class='ocr_line' id='line_1_9' title="bbox 187 1266 1228 1354; baseline -0.009 -15"><span class='ocrx_word' id='word_1_57' title='bbox 187 1272 278 1339; x_wconf 82' lang='lat' dir='ltr'>Bruti</span> <span class='ocrx_word' id='word_1_58' title='bbox 300 1271 341 1335; x_wconf 84' lang='lat' dir='ltr'><strong>ad</strong></span> <span class='ocrx_word' id='word_1_59' title='bbox 363 1268 553 1336; x_wconf 79' lang='lat' dir='ltr'><strong>Ciceronem</strong></span> <span class='ocrx_word' id='word_1_60' title='bbox 576 1269 732 1354; x_wconf 75' lang='lat' dir='ltr'><strong>epistulae</strong></span> <span class='ocrx_word' id='word_1_61' title='bbox 757 1266 847 1353; x_wconf 73' lang='lat' dir='ltr'><strong>(Tae.</strong></span> <span class='ocrx_word' id='word_1_62' title='bbox 869 1267 944 1332; x_wconf 86' lang='lat' dir='ltr'><strong>dial.</strong></span> <span class='ocrx_word' id='word_1_63' title='bbox 968 1267 1021 1351; x_wconf 87' lang='lat'><strong>18)</strong></span> <span class='ocrx_word' id='word_1_64' title='bbox 1225 1304 1228 1310; x_wconf 91' lang='lat'>·</span> 
     </span>
     <span class='ocr_line' id='line_1_10' title="bbox 188 1374 1279 1465; baseline -0.009 -19"><span class='ocrx_word' id='word_1_65' title='bbox 188 1379 336 1447; x_wconf 72' lang='lat' dir='ltr'><strong>Caesaris</strong></span> <span class='ocrx_word' id='word_1_66' title='bbox 349 1380 391 1445; x_wconf 86' lang='lat' dir='ltr'><strong>ad</strong></span> <span class='ocrx_word' id='word_1_67' title='bbox 454 1425 471 1461; x_wconf 82' lang='lat'>„</span> <span class='ocrx_word' id='word_1_68' title='bbox 577 1375 632 1441; x_wconf 85' lang='lat' dir='ltr'><strong>lib.</strong></span> <span class='ocrx_word' id='word_1_69' title='bbox 651 1375 879 1465; x_wconf 71' lang='lat' dir='ltr'><strong>[complur.²⁶)l</strong></span> <span class='ocrx_word' id='word_1_70' title='bbox 892 1374 1030 1462; x_wconf 86' lang='lat' dir='ltr'><strong>(Charis.</strong></span> <span class='ocrx_word' id='word_1_71' title='bbox 1040 1376 1067 1441; x_wconf 93' lang='grc' dir='ltr'><strong>Ι.</strong></span> <span class='ocrx_word' id='word_1_72' title='bbox 1081 1374 1279 1461; x_wconf 61' lang='lat' dir='ltr'><strong>pigere-11)</strong></span> 
     </span>
     <span class='ocr_line' id='line_1_11' title="bbox 188 1483 1058 1574; baseline -0.009 -18"><span class='ocrx_word' id='word_1_73' title='bbox 188 1489 281 1557; x_wconf 87' lang='lat' dir='ltr'><strong>Calui</strong></span> <span class='ocrx_word' id='word_1_74' title='bbox 337 1538 354 1572; x_wconf 82' lang='lat'><strong>‚,</strong></span> <span class='ocrx_word' id='word_1_75' title='bbox 455 1536 471 1571; x_wconf 78' lang='lat'><em>„</em></span> <span class='ocrx_word' id='word_1_76' title='bbox 580 1487 736 1574; x_wconf 75' lang='lat' dir='ltr'><strong>epistulae</strong></span> <span class='ocrx_word' id='word_1_77' title='bbox 759 1485 873 1572; x_wconf 83' lang='lat' dir='ltr'><strong>(Tacit.</strong></span> <span class='ocrx_word' id='word_1_78' title='bbox 896 1484 970 1550; x_wconf 87' lang='lat' dir='ltr'><strong>dial.</strong></span> <span class='ocrx_word' id='word_1_79' title='bbox 991 1483 1058 1573; x_wconf 85' lang='lat'><strong>18).</strong></span> 
     </span>
    </p>
   </div>
   <div class='ocr_carea' id='block_1_3' title="bbox 188 1610 1284 1806">
    <p class='ocr_par' dir='ltr' id='par_1_8' title="bbox 188 1610 1284 1806">
     <span class='ocr_line' id='line_1_12' title="bbox 190 1610 1284 1700; baseline -0.005 -20"><span class='ocrx_word' id='word_1_80' title='bbox 190 1615 361 1681; x_wconf 86' lang='lat' dir='ltr'><strong>Praeterea</strong></span> <span class='ocrx_word' id='word_1_81' title='bbox 400 1612 567 1700; x_wconf 83' lang='lat' dir='ltr'><strong>aliquoties</strong></span> <span class='ocrx_word' id='word_1_82' title='bbox 602 1619 889 1678; x_wconf 81' lang='lat' dir='ltr'><strong>commemorantur</strong></span> <span class='ocrx_word' id='word_1_83' title='bbox 921 1610 1087 1677; x_wconf 78' lang='lat' dir='ltr'><strong>Ciceronis</strong></span> <span class='ocrx_word' id='word_1_84' title='bbox 1129 1610 1284 1697; x_wconf 88' lang='lat' dir='ltr'><strong>epistulae</strong></span> 
     </span>
     <span class='ocr_line' id='line_1_13' title="bbox 188 1721 1035 1806; baseline -0.009 -16"><span class='ocrx_word' id='word_1_85' title='bbox 188 1725 313 1793; x_wconf 89' lang='lat' dir='ltr'><strong>omissis</strong></span> <span class='ocrx_word' id='word_1_86' title='bbox 337 1746 447 1789; x_wconf 92' lang='lat' dir='ltr'><strong>eorum</strong></span> <span class='ocrx_word' id='word_1_87' title='bbox 468 1723 660 1805; x_wconf 84' lang='lat' dir='ltr'><strong>nominibus,</strong></span> <span class='ocrx_word' id='word_1_88' title='bbox 683 1721 795 1806; x_wconf 89' lang='lat' dir='ltr'><strong>quibus</strong></span> <span class='ocrx_word' id='word_1_89' title='bbox 816 1721 932 1786; x_wconf 88' lang='lat' dir='ltr'><strong>missae</strong></span> <span class='ocrx_word' id='word_1_90' title='bbox 953 1726 1035 1784; x_wconf 88' lang='lat' dir='ltr'><strong>snnt.</strong></span> 
     </span>
    </p>
   </div>
   <div class='ocr_carea' id='block_1_4' title="bbox 154 1844 1390 2258">
    <p class='ocr_par' dir='ltr' id='par_1_9' title="bbox 154 1844 1390 2258">
     <span class='ocr_line' id='line_1_14' title="bbox 272 1844 1283 1937; baseline -0.008 -20"><span class='ocrx_word' id='word_1_91' title='bbox 272 1846 378 1932; x_wconf 80' lang='lat' dir='ltr'><strong>Quem</strong></span> <span class='ocrx_word' id='word_1_92' title='bbox 400 1859 604 1937; x_wconf 85' lang='lat' dir='ltr'><strong>conspectum</strong></span> <span class='ocrx_word' id='word_1_93' title='bbox 626 1873 697 1916; x_wconf 90' lang='lat' dir='ltr'><strong>cum</strong></span> <span class='ocrx_word' id='word_1_94' title='bbox 726 1849 825 1914; x_wconf 88' lang='lat' dir='ltr'><strong>oculis</strong></span> <span class='ocrx_word' id='word_1_95' title='bbox 847 1846 1063 1932; x_wconf 88' lang='lat' dir='ltr'><strong>percurrimus</strong></span> <span class='ocrx_word' id='word_1_96' title='bbox 1085 1844 1204 1912; x_wconf 85' lang='lat' dir='ltr'><strong>subibit</strong></span> <span class='ocrx_word' id='word_1_97' title='bbox 1223 1867 1283 1909; x_wconf 91' lang='lat' dir='ltr'><strong>nos</strong></span> 
     </span>
     <span class='ocr_line' id='line_1_15' title="bbox 186 1957 1281 2043; baseline -0.005 -18"><span class='ocrx_word' id='word_1_98' title='bbox 186 1960 377 2041; x_wconf 86' lang='lat' dir='ltr'><strong>recordatio,</strong></span> <span class='ocrx_word' id='word_1_99' title='bbox 399 1960 433 2023; x_wconf 85' lang='lat' dir='ltr'><strong>in</strong></span> <span class='ocrx_word' id='word_1_100' title='bbox 454 1958 596 2024; x_wconf 85' lang='lat' dir='ltr'><strong>sedecim</strong></span> <span class='ocrx_word' id='word_1_101' title='bbox 617 1958 707 2025; x_wconf 88' lang='lat' dir='ltr'><strong>libris</strong></span> <span class='ocrx_word' id='word_1_102' title='bbox 731 1957 785 2043; x_wconf 91' lang='lat' dir='ltr'><strong>qui</strong></span> <span class='ocrx_word' id='word_1_103' title='bbox 805 1958 845 2023; x_wconf 88' lang='lat' dir='ltr'><strong>ad</strong></span> <span class='ocrx_word' id='word_1_104' title='bbox 867 1980 924 2022; x_wconf 91' lang='lat' dir='ltr'><strong>nos</strong></span> <span class='ocrx_word' id='word_1_105' title='bbox 940 1962 1167 2043; x_wconf 82' lang='lat' dir='ltr'><strong>peruenerunt,</strong></span> <span class='ocrx_word' id='word_1_106' title='bbox 1192 1974 1281 2040; x_wconf 88' lang='lat' dir='ltr'><strong>quas·</strong></span> 
     </span>
     <span class='ocr_line' id='line_1_16' title="bbox 154 2061 1390 2152; baseline -0.008 -17"><span class='ocrx_word' id='word_1_107' title='bbox 154 2126 157 2135; x_wconf 19' lang='lat' dir='ltr'><strong>a</strong></span> <span class='ocrx_word' id='word_1_108' title='bbox 185 2069 257 2135; x_wconf 87' lang='lat' dir='ltr'><strong>dam</strong></span> <span class='ocrx_word' id='word_1_109' title='bbox 278 2068 384 2134; x_wconf 90' lang='lat' dir='ltr'><strong>inesse</strong></span> <span class='ocrx_word' id='word_1_110' title='bbox 404 2069 553 2152; x_wconf 85' lang='lat' dir='ltr'><strong>epistulas</strong></span> <span class='ocrx_word' id='word_1_111' title='bbox 581 2067 622 2134; x_wconf 90' lang='lat' dir='ltr'><strong>ad</strong></span> <span class='ocrx_word' id='word_1_112' title='bbox 645 2067 778 2132; x_wconf 85' lang='lat' dir='ltr'><strong>eosdem</strong></span> <span class='ocrx_word' id='word_1_113' title='bbox 796 2065 884 2131; x_wconf 90' lang='lat' dir='ltr'><strong>uiros</strong></span> <span class='ocrx_word' id='word_1_114' title='bbox 904 2065 1036 2151; x_wconf 87' lang='lat' dir='ltr'><strong>scriptas</strong></span> <span class='ocrx_word' id='word_1_115' title='bbox 1048 2111 1059 2146; x_wconf 87' lang='lat'><em>‚</em></span> <span class='ocrx_word' id='word_1_116' title='bbox 1083 2063 1198 2148; x_wconf 89' lang='lat' dir='ltr'><strong>quibus</strong></span> <span class='ocrx_word' id='word_1_117' title='bbox 1225 2061 1278 2128; x_wconf 88' lang='lat' dir='ltr'><strong>Ci·</strong></span> <span class='ocrx_word' id='word_1_118' title='bbox 1388 2120 1390 2125; x_wconf 24' lang='lat'><strong>⁴</strong></span> 
     </span>
     <span class='ocr_line' id='line_1_17' title="bbox 189 2159 1281 2258; baseline -0.005 -16"><span class='ocrx_word' id='word_1_119' title='bbox 189 2198 339 2243; x_wconf 82' lang='lat' dir='ltr'><strong>neronem</strong></span> <span class='ocrx_word' id='word_1_120' title='bbox 360 2184 406 2241; x_wconf 91' lang='lat' dir='ltr'><strong>tot</strong></span> <span class='ocrx_word' id='word_1_121' title='bbox 426 2176 553 2241; x_wconf 87' lang='lat' dir='ltr'><strong>misisse</strong></span> <span class='ocrx_word' id='word_1_122' title='bbox 574 2175 682 2241; x_wconf 88' lang='lat' dir='ltr'><strong>tabula</strong></span> <span class='ocrx_word' id='word_1_123' title='bbox 706 2159 817 2258; x_wconf 85' lang='lat' dir='ltr'><strong>docet,</strong></span> <span class='ocrx_word' id='word_1_124' title='bbox 839 2183 961 2239; x_wconf 82' lang='lat' dir='ltr'><strong>utnon</strong></span> <span class='ocrx_word' id='word_1_125' title='bbox 983 2195 1104 2258; x_wconf 86' lang='lat' dir='ltr'><strong>paucae</strong></span> <span class='ocrx_word' id='word_1_126' title='bbox 1126 2171 1281 2258; x_wconf 86' lang='lat' dir='ltr'><strong>epistulae</strong></span> 
     </span>
    </p>
   </div>
   <div class='ocr_carea' id='block_1_5' title="bbox 176 2484 1282 4305">
    <p class='ocr_par' dir='ltr' id='par_1_10' title="bbox 182 2484 1282 2943">
     <span class='ocr_line' id='line_1_18' title="bbox 184 2484 1282 2559; baseline -0.002 -17"><span class='ocrx_word' id='word_1_127' title='bbox 184 2487 278 2551; x_wconf 82' lang='lat' dir='ltr'><strong>nullae</strong></span> <span class='ocrx_word' id='word_1_128' title='bbox 294 2504 415 2557; x_wconf 85' lang='lat' dir='ltr'><strong>unquam</strong></span> <span class='ocrx_word' id='word_1_129' title='bbox 426 2487 567 2544; x_wconf 87' lang='lat' dir='ltr'><strong>Ciceronis</strong></span> <span class='ocrx_word' id='word_1_130' title='bbox 586 2488 721 2559; x_wconf 84' lang='lat' dir='ltr'><strong>epistulae</strong></span> <span class='ocrx_word' id='word_1_131' title='bbox 740 2488 861 2558; x_wconf 82' lang='lat' dir='ltr'><strong>scriptae</strong></span> <span class='ocrx_word' id='word_1_132' title='bbox 880 2490 962 2542; x_wconf 82' lang='lat' dir='ltr'><strong>sunt‘</strong></span> <span class='ocrx_word' id='word_1_133' title='bbox 999 2486 1084 2555; x_wconf 74' lang='lat' dir='ltr'><strong>Quasi</strong></span> <span class='ocrx_word' id='word_1_134' title='bbox 1096 2486 1171 2556; x_wconf 89' lang='lat' dir='ltr'><strong>quod</strong></span> <span class='ocrx_word' id='word_1_135' title='bbox 1189 2484 1282 2541; x_wconf 82' lang='lat' dir='ltr'><strong>nullae</strong></span> 
     </span>
     <span class='ocr_line' id='line_1_19' title="bbox 184 2579 1280 2653; baseline -0.003 -16"><span class='ocrx_word' id='word_1_136' title='bbox 184 2581 220 2637; x_wconf 87' lang='lat' dir='ltr'><strong>ed</strong></span> <span class='ocrx_word' id='word_1_137' title='bbox 236 2598 287 2637; x_wconf 84' lang='lat' dir='ltr'><strong>nos</strong></span> <span class='ocrx_word' id='word_1_138' title='bbox 304 2586 501 2652; x_wconf 87' lang='lat' dir='ltr'><strong>peruenerunt,</strong></span> <span class='ocrx_word' id='word_1_139' title='bbox 517 2583 609 2638; x_wconf 84' lang='lat' dir='ltr'><strong>nullae</strong></span> <span class='ocrx_word' id='word_1_140' title='bbox 619 2583 855 2653; x_wconf 83' lang='lat' dir='ltr'><strong>scriptaeessentl</strong></span> <span class='ocrx_word' id='word_1_141' title='bbox 881 2582 1077 2638; x_wconf 82' lang='lat' dir='ltr'><strong>Coniectursm</strong></span> <span class='ocrx_word' id='word_1_142' title='bbox 1094 2584 1188 2635; x_wconf 87' lang='lat' dir='ltr'><strong>autem</strong></span> <span class='ocrx_word' id='word_1_143' title='bbox 1204 2579 1280 2635; x_wconf 82' lang='lat' dir='ltr'><strong>illam</strong></span> 
     </span>
     <span class='ocr_line' id='line_1_20' title="bbox 182 2677 1280 2762; baseline -0.001 -28"><span class='ocrx_word' id='word_1_144' title='bbox 182 2678 281 2734; x_wconf 73' lang='lat' dir='ltr'><strong>susam</strong></span> <span class='ocrx_word' id='word_1_145' title='bbox 299 2695 359 2762; x_wconf 74' lang='lat' dir='ltr'><strong>esse</strong></span> <span class='ocrx_word' id='word_1_146' title='bbox 377 2681 471 2749; x_wconf 84' lang='lat' dir='ltr'><strong>patet,</strong></span> <span class='ocrx_word' id='word_1_147' title='bbox 497 2695 560 2737; x_wconf 85' lang='lat' dir='ltr'><strong>eum</strong></span> <span class='ocrx_word' id='word_1_148' title='bbox 578 2679 682 2737; x_wconf 74' lang='lat' dir='ltr'><strong>Charis.</strong></span> <span class='ocrx_word' id='word_1_149' title='bbox 700 2680 719 2735; x_wconf 86' lang='lat'><strong>1.</strong></span> <span class='ocrx_word' id='word_1_150' title='bbox 737 2697 762 2736; x_wconf 86' lang='lat' dir='ltr'><strong>c.</strong></span> <span class='ocrx_word' id='word_1_151' title='bbox 780 2682 810 2735; x_wconf 90' lang='lat' dir='ltr'><strong>et</strong></span> <span class='ocrx_word' id='word_1_152' title='bbox 826 2680 848 2735; x_wconf 83' lang='lat' dir='ltr'>L</span> <span class='ocrx_word' id='word_1_153' title='bbox 865 2697 913 2751; x_wconf 77' lang='lat' dir='ltr'><strong>pg.</strong></span> <span class='ocrx_word' id='word_1_154' title='bbox 931 2679 994 2736; x_wconf 77' lang='lat'><strong>142.</strong></span> <span class='ocrx_word' id='word_1_155' title='bbox 1014 2679 1031 2733; x_wconf 80' lang='lat'>7</span> <span class='ocrx_word' id='word_1_156' title='bbox 1056 2682 1153 2749; x_wconf 82' lang='lat' dir='ltr'><strong>aperte</strong></span> <span class='ocrx_word' id='word_1_157' title='bbox 1171 2677 1280 2734; x_wconf 86' lang='lat' dir='ltr'><strong>Cicero-</strong></span> 
     </span>
     <span class='ocr_line' id='line_1_21' title="bbox 184 2773 1280 2846; baseline 0.001 -16"><span class='ocrx_word' id='word_1_158' title='bbox 184 2773 355 2846; x_wconf 75' lang='lat' dir='ltr'><strong>semipsum</strong></span> <span class='ocrx_word' id='word_1_159' title='bbox 373 2792 435 2831; x_wconf 87' lang='lat' dir='ltr'><strong>unc.</strong></span> <span class='ocrx_word' id='word_1_160' title='bbox 454 2775 610 2846; x_wconf 84' lang='lat' dir='ltr'><strong>requietem</strong></span> <span class='ocrx_word' id='word_1_161' title='bbox 627 2793 710 2831; x_wconf 89' lang='lat' dir='ltr'><strong>usum</strong></span> <span class='ocrx_word' id='word_1_162' title='bbox 729 2792 791 2835; x_wconf 79' lang='lat' dir='ltr'><strong>esee</strong></span> <span class='ocrx_word' id='word_1_163' title='bbox 806 2774 895 2843; x_wconf 82' lang='lat' dir='ltr'><strong>diest,</strong></span> <span class='ocrx_word' id='word_1_164' title='bbox 912 2778 946 2830; x_wconf 91' lang='lat' dir='ltr'><strong>ut</strong></span> <span class='ocrx_word' id='word_1_165' title='bbox 961 2774 998 2831; x_wconf 86' lang='lat' dir='ltr'><strong>sd</strong></span> <span class='ocrx_word' id='word_1_166' title='bbox 1012 2773 1117 2831; x_wconf 86' lang='lat' dir='ltr'><strong>Luccei</strong></span> <span class='ocrx_word' id='word_1_167' title='bbox 1133 2774 1280 2845; x_wconf 77' lang='lat' dir='ltr'><strong>epistulam</strong></span> 
     </span>
     <span class='ocr_line' id='line_1_22' title="bbox 182 2870 664 2943; baseline -0.002 -16"><span class='ocrx_word' id='word_1_168' title='bbox 182 2870 252 2927; x_wconf 83' lang='lat' dir='ltr'><strong>haec</strong></span> <span class='ocrx_word' id='word_1_169' title='bbox 268 2872 357 2926; x_wconf 86' lang='lat' dir='ltr'><strong>uerba</strong></span> <span class='ocrx_word' id='word_1_170' title='bbox 373 2875 499 2942; x_wconf 86' lang='lat' dir='ltr'><strong>spectare</strong></span> <span class='ocrx_word' id='word_1_171' title='bbox 517 2876 664 2943; x_wconf 86' lang='lat' dir='ltr'><strong>nequeant.</strong></span> 
     </span>
    </p>

    <p class='ocr_par' dir='ltr' id='par_1_11' title="bbox 184 2966 1278 3329">
     <span class='ocr_line' id='line_1_23' title="bbox 255 2966 1278 3038; baseline 0.002 -16"><span class='ocrx_word' id='word_1_172' title='bbox 255 2966 299 3037; x_wconf 75' lang='lat'><strong>23)</strong></span> <span class='ocrx_word' id='word_1_173' title='bbox 316 2967 394 3023; x_wconf 84' lang='lat' dir='ltr'><strong>Char.</strong></span> <span class='ocrx_word' id='word_1_174' title='bbox 412 2967 431 3022; x_wconf 87' lang='lat' dir='ltr'><strong>l.</strong></span> <span class='ocrx_word' id='word_1_175' title='bbox 448 2985 487 3024; x_wconf 77' lang='lat' dir='ltr'><strong>a:</strong></span> <span class='ocrx_word' id='word_1_176' title='bbox 506 2967 553 3038; x_wconf 69' lang='lat' dir='ltr'><strong>,Et</strong></span> <span class='ocrx_word' id='word_1_177' title='bbox 569 2967 674 3023; x_wconf 85' lang='lat' dir='ltr'><strong>Cicero‘</strong></span> <span class='ocrx_word' id='word_1_178' title='bbox 692 2967 784 3038; x_wconf 89' lang='lat' dir='ltr'><strong>inquit</strong></span> <span class='ocrx_word' id='word_1_179' title='bbox 802 2967 847 3035; x_wconf 88' lang='lat' dir='ltr'><strong>‚sd</strong></span> <span class='ocrx_word' id='word_1_180' title='bbox 864 2967 1027 3023; x_wconf 86' lang='lat' dir='ltr'><strong>Marcellum</strong></span> <span class='ocrx_word' id='word_1_181' title='bbox 1045 2967 1182 3023; x_wconf 89' lang='lat' dir='ltr'><strong>simiolum</strong></span> <span class='ocrx_word' id='word_1_182' title='bbox 1200 2968 1278 3024; x_wconf 89' lang='lat' dir='ltr'><strong>dimi·</strong></span> 
     </span>
     <span class='ocr_line' id='line_1_24' title="bbox 185 3061 1276 3134; baseline 0.003 -18"><span class='ocrx_word' id='word_1_183' title='bbox 185 3061 282 3117; x_wconf 82' lang='lat' dir='ltr'><strong>nutius</strong></span> <span class='ocrx_word' id='word_1_184' title='bbox 300 3061 388 3118; x_wconf 63' lang='lat' dir='ltr'><strong>dixit!</strong></span> <span class='ocrx_word' id='word_1_185' title='bbox 427 3063 516 3131; x_wconf 84' lang='lat' dir='ltr'><strong>Vnde,</strong></span> <span class='ocrx_word' id='word_1_186' title='bbox 538 3081 602 3119; x_wconf 86' lang='lat' dir='ltr'><strong>cum</strong></span> <span class='ocrx_word' id='word_1_187' title='bbox 616 3063 680 3118; x_wconf 85' lang='lat' dir='ltr'><strong>fam.</strong></span> <span class='ocrx_word' id='word_1_188' title='bbox 691 3063 751 3118; x_wconf 91' lang='lat' dir='ltr'>VII.</span> <span class='ocrx_word' id='word_1_189' title='bbox 770 3067 796 3120; x_wconf 79' lang='grc'><strong>2.</strong></span> <span class='ocrx_word' id='word_1_190' title='bbox 817 3066 833 3119; x_wconf 86' lang='grc'><strong>3</strong></span> <span class='ocrx_word' id='word_1_191' title='bbox 851 3063 881 3117; x_wconf 91' lang='lat' dir='ltr'><strong>in</strong></span> <span class='ocrx_word' id='word_1_192' title='bbox 899 3062 1019 3134; x_wconf 87' lang='lat' dir='ltr'><strong>epistula</strong></span> <span class='ocrx_word' id='word_1_193' title='bbox 1036 3063 1154 3134; x_wconf 85' lang='lat' dir='ltr'><strong>quedam</strong></span> <span class='ocrx_word' id='word_1_194' title='bbox 1170 3064 1207 3118; x_wconf 84' lang='lat' dir='ltr'><strong>ad</strong></span> <span class='ocrx_word' id='word_1_195' title='bbox 1218 3064 1276 3119; x_wconf 88' lang='lat' dir='ltr'><strong>Ma·</strong></span> 
     </span>
     <span class='ocr_line' id='line_1_25' title="bbox 185 3157 1278 3231; baseline 0.003 -18"><span class='ocrx_word' id='word_1_196' title='bbox 185 3157 258 3213; x_wconf 90' lang='lat' dir='ltr'><strong>rium</strong></span> <span class='ocrx_word' id='word_1_197' title='bbox 274 3158 328 3216; x_wconf 90' lang='lat' dir='ltr'><strong>hoo</strong></span> <span class='ocrx_word' id='word_1_198' title='bbox 347 3177 406 3216; x_wconf 87' lang='lat' dir='ltr'><strong>noc.</strong></span> <span class='ocrx_word' id='word_1_199' title='bbox 424 3159 599 3228; x_wconf 83' lang='lat' dir='ltr'><strong>inuenietur,</strong></span> <span class='ocrx_word' id='word_1_200' title='bbox 615 3159 759 3215; x_wconf 88' lang='lat' dir='ltr'><strong>Fabricius</strong></span> <span class='ocrx_word' id='word_1_201' title='bbox 777 3160 851 3231; x_wconf 90' lang='lat' dir='ltr'><strong>apud</strong></span> <span class='ocrx_word' id='word_1_202' title='bbox 868 3159 986 3215; x_wconf 83' lang='lat' dir='ltr'><strong>Charis:</strong></span> <span class='ocrx_word' id='word_1_203' title='bbox 1004 3161 1050 3229; x_wconf 87' lang='lat' dir='ltr'><strong>‚ad</strong></span> <span class='ocrx_word' id='word_1_204' title='bbox 1067 3160 1193 3216; x_wconf 84' lang='lat' dir='ltr'><strong>Marium‘</strong></span> <span class='ocrx_word' id='word_1_205' title='bbox 1212 3161 1278 3217; x_wconf 87' lang='lat' dir='ltr'><strong>scri·</strong></span> 
     </span>
     <span class='ocr_line' id='line_1_26' title="bbox 184 3253 1183 3329; baseline 0.001 -20"><span class='ocrx_word' id='word_1_206' title='bbox 184 3253 252 3309; x_wconf 87' lang='lat' dir='ltr'><strong>bers</strong></span> <span class='ocrx_word' id='word_1_207' title='bbox 267 3255 365 3311; x_wconf 88' lang='lat' dir='ltr'><strong>noluit.</strong></span> <span class='ocrx_word' id='word_1_208' title='bbox 403 3255 495 3324; x_wconf 70' lang='lat' dir='ltr'><strong>Qualis</strong></span> <span class='ocrx_word' id='word_1_209' title='bbox 514 3255 674 3312; x_wconf 81' lang='lat' dir='ltr'><strong>coniectura</strong></span> <span class='ocrx_word' id='word_1_210' title='bbox 692 3255 806 3311; x_wconf 84' lang='lat' dir='ltr'><strong>criticae</strong></span> <span class='ocrx_word' id='word_1_211' title='bbox 824 3255 892 3311; x_wconf 88' lang='lat' dir='ltr'><strong>artis</strong></span> <span class='ocrx_word' id='word_1_212' title='bbox 911 3256 1020 3327; x_wconf 78' lang='lat' dir='ltr'><strong>legibus</strong></span> <span class='ocrx_word' id='word_1_213' title='bbox 1037 3261 1183 3329; x_wconf 79' lang='lat' dir='ltr'><strong>repugnat.</strong></span> 
     </span>
    </p>

    <p class='ocr_par' dir='ltr' id='par_1_12' title="bbox 181 3351 1279 3508">
     <span class='ocr_line' id='line_1_27' title="bbox 253 3351 1279 3422; baseline 0.002 -14"><span class='ocrx_word' id='word_1_214' title='bbox 253 3351 297 3420; x_wconf 76' lang='lat'><strong>24)</strong></span> <span class='ocrx_word' id='word_1_215' title='bbox 314 3352 391 3408; x_wconf 81' lang='lat' dir='ltr'><strong>Haec</strong></span> <span class='ocrx_word' id='word_1_216' title='bbox 409 3352 527 3422; x_wconf 81' lang='lat' dir='ltr'><strong>epistula</strong></span> <span class='ocrx_word' id='word_1_217' title='bbox 544 3368 610 3408; x_wconf 85' lang='lat' dir='ltr'><strong>casn</strong></span> <span class='ocrx_word' id='word_1_218' title='bbox 628 3356 740 3407; x_wconf 83' lang='lat' dir='ltr'><strong>seruate</strong></span> <span class='ocrx_word' id='word_1_219' title='bbox 756 3356 800 3407; x_wconf 90' lang='lat' dir='ltr'><strong>est</strong></span> <span class='ocrx_word' id='word_1_220' title='bbox 816 3351 1092 3421; x_wconf 70' lang='lat' dir='ltr'><strong>consuuntur),</strong></span> <span class='ocrx_word' id='word_1_221' title='bbox 1109 3352 1206 3410; x_wconf 85' lang='lat' dir='ltr'><strong>Attico</strong></span> <span class='ocrx_word' id='word_1_222' title='bbox 1223 3371 1279 3410; x_wconf 84' lang='lat' dir='ltr'><strong>una</strong></span> 
     </span>
     <span class='ocr_line' id='line_1_28' title="bbox 181 3451 432 3508; baseline -0.004 -1"><span class='ocrx_word' id='word_1_223' title='bbox 181 3468 245 3507; x_wconf 84' lang='lat' dir='ltr'><strong>enm</strong></span> <span class='ocrx_word' id='word_1_224' title='bbox 263 3451 324 3506; x_wconf 83' lang='lat' dir='ltr'><strong>aliis</strong></span> <span class='ocrx_word' id='word_1_225' title='bbox 340 3452 432 3508; x_wconf 74' lang='lat' dir='ltr'><strong>misse.</strong></span> 
     </span>
    </p>

    <p class='ocr_par' dir='ltr' id='par_1_13' title="bbox 179 3548 1276 3716">
     <span class='ocr_line' id='line_1_29' title="bbox 191 3548 1276 3621; baseline -0.003 -14"><span class='ocrx_word' id='word_1_226' title='bbox 191 3590 194 3595; x_wconf 63' lang='grc'>«</span> <span class='ocrx_word' id='word_1_227' title='bbox 251 3550 298 3618; x_wconf 68' lang='grc'><strong>25)</strong></span> <span class='ocrx_word' id='word_1_228' title='bbox 316 3548 418 3605; x_wconf 80' lang='lat' dir='ltr'><strong>onris</strong></span> <span class='ocrx_word' id='word_1_229' title='bbox 435 3550 605 3607; x_wconf 84' lang='lat' dir='ltr'><strong>mentionem</strong></span> <span class='ocrx_word' id='word_1_230' title='bbox 622 3549 784 3605; x_wconf 75' lang='lat' dir='ltr'><strong>coniectura</strong></span> <span class='ocrx_word' id='word_1_231' title='bbox 799 3552 857 3604; x_wconf 78' lang='lat' dir='ltr'><strong>tam</strong></span> <span class='ocrx_word' id='word_1_232' title='bbox 875 3549 1091 3621; x_wconf 79' lang='lat' dir='ltr'><strong>speciosaquam</strong></span> <span class='ocrx_word' id='word_1_233' title='bbox 1108 3549 1215 3604; x_wconf 85' lang='lat' dir='ltr'><strong>incerta</strong></span> <span class='ocrx_word' id='word_1_234' title='bbox 1234 3567 1276 3604; x_wconf 89' lang='lat' dir='ltr'><strong>rs-</strong></span> 
     </span>
     <span class='ocr_line' id='line_1_30' title="bbox 179 3643 941 3716; baseline 0 -16"><span class='ocrx_word' id='word_1_235' title='bbox 179 3643 272 3700; x_wconf 82' lang='lat' dir='ltr'><strong>stituit</strong></span> <span class='ocrx_word' id='word_1_236' title='bbox 288 3643 351 3701; x_wconf 82' lang='lat' dir='ltr'><strong>Keil</strong></span> <span class='ocrx_word' id='word_1_237' title='bbox 368 3646 386 3701; x_wconf 91' lang='lat' dir='ltr'><strong>l.</strong></span> <span class='ocrx_word' id='word_1_238' title='bbox 407 3663 446 3702; x_wconf 78' lang='lat' dir='ltr'><strong>e:</strong></span> <span class='ocrx_word' id='word_1_239' title='bbox 465 3645 500 3702; x_wconf 85' lang='lat' dir='ltr'><strong>ef.</strong></span> <span class='ocrx_word' id='word_1_240' title='bbox 518 3645 607 3701; x_wconf 86' lang='lat' dir='ltr'><strong>Prisc.</strong></span> <span class='ocrx_word' id='word_1_241' title='bbox 628 3645 662 3701; x_wconf 83' lang='lat' dir='ltr'><strong>IL</strong></span> <span class='ocrx_word' id='word_1_242' title='bbox 681 3645 798 3716; x_wconf 63' lang='lat' dir='ltr'><strong>ppdtb.</strong></span> <span class='ocrx_word' id='word_1_243' title='bbox 817 3645 941 3703; x_wconf 65' lang='lat'><strong>1211011.</strong></span> 
     </span>
    </p>

    <p class='ocr_par' dir='ltr' id='par_1_14' title="bbox 176 3739 1276 4305">
     <span class='ocr_line' id='line_1_31' title="bbox 251 3739 1276 3814; baseline 0 -18"><span class='ocrx_word' id='word_1_244' title='bbox 251 3739 295 3811; x_wconf 79' lang='lat'><strong>26)</strong></span> <span class='ocrx_word' id='word_1_245' title='bbox 316 3740 420 3797; x_wconf 79' lang='lat' dir='ltr'><strong>Charis.</strong></span> <span class='ocrx_word' id='word_1_246' title='bbox 441 3741 460 3797; x_wconf 91' lang='lat'><strong>1.</strong></span> <span class='ocrx_word' id='word_1_247' title='bbox 469 3758 493 3797; x_wconf 86' lang='lat' dir='ltr'><strong>c.</strong></span> <span class='ocrx_word' id='word_1_248' title='bbox 512 3740 682 3798; x_wconf 84' lang='lat' dir='ltr'><strong>haecdicit:</strong></span> <span class='ocrx_word' id='word_1_249' title='bbox 708 3741 813 3812; x_wconf 67' lang='lat' dir='ltr'><strong>ltaque</strong></span> <span class='ocrx_word' id='word_1_250' title='bbox 832 3741 931 3798; x_wconf 83' lang='lat' dir='ltr'><strong>Caesar</strong></span> <span class='ocrx_word' id='word_1_251' title='bbox 949 3742 1131 3814; x_wconf 87' lang='lat' dir='ltr'><strong>epistularum</strong></span> <span class='ocrx_word' id='word_1_252' title='bbox 1148 3741 1184 3797; x_wconf 85' lang='lat' dir='ltr'><strong>ad</strong></span> <span class='ocrx_word' id='word_1_253' title='bbox 1202 3742 1276 3799; x_wconf 81' lang='lat' dir='ltr'><strong>Oios-</strong></span> 
     </span>
     <span class='ocr_line' id='line_1_32' title="bbox 180 3836 1275 3909; baseline 0.001 -19"><span class='ocrx_word' id='word_1_254' title='bbox 180 3851 292 3891; x_wconf 85' lang='lat' dir='ltr'><strong>ronem:</strong></span> <span class='ocrx_word' id='word_1_255' title='bbox 315 3853 423 3907; x_wconf 87' lang='lat' dir='ltr'><strong>neque,</strong></span> <span class='ocrx_word' id='word_1_256' title='bbox 440 3836 546 3907; x_wconf 87' lang='lat' dir='ltr'><strong>inquit,</strong></span> <span class='ocrx_word' id='word_1_257' title='bbox 570 3854 622 3907; x_wconf 88' lang='lat' dir='ltr'><strong>pro</strong></span> <span class='ocrx_word' id='word_1_258' title='bbox 639 3840 730 3893; x_wconf 85' lang='lat' dir='ltr'><strong>nauto‘</strong></span> <span class='ocrx_word' id='word_1_259' title='bbox 749 3854 773 3891; x_wconf 86' lang='lat' dir='ltr'><strong>e.</strong></span> <span class='ocrx_word' id='word_1_260' title='bbox 791 3854 817 3906; x_wconf 85' lang='lat' dir='ltr'><strong>q.</strong></span> <span class='ocrx_word' id='word_1_261' title='bbox 837 3856 859 3891; x_wconf 86' lang='lat' dir='ltr'><strong>s.</strong></span> <span class='ocrx_word' id='word_1_262' title='bbox 900 3839 959 3906; x_wconf 78' lang='lat' dir='ltr'><strong>Quo</strong></span> <span class='ocrx_word' id='word_1_263' title='bbox 978 3839 1041 3897; x_wconf 86' lang='lat' dir='ltr'><strong>loeo</strong></span> <span class='ocrx_word' id='word_1_264' title='bbox 1064 3837 1210 3909; x_wconf 81' lang='lat' dir='ltr'><strong>genetiuus</strong></span> <span class='ocrx_word' id='word_1_265' title='bbox 1228 3837 1275 3892; x_wconf 86' lang='lat' dir='ltr'><strong>ills</strong></span> 
     </span>
     <span class='ocr_line' id='line_1_33' title="bbox 178 3930 1274 4003; baseline 0.003 -18"><span class='ocrx_word' id='word_1_266' title='bbox 178 3930 356 3988; x_wconf 87' lang='lat' dir='ltr'><strong>intercidisse</strong></span> <span class='ocrx_word' id='word_1_267' title='bbox 376 3931 459 3989; x_wconf 83' lang='lat' dir='ltr'><strong>docet</strong></span> <span class='ocrx_word' id='word_1_268' title='bbox 476 3937 524 3987; x_wconf 89' lang='lat' dir='ltr'><strong>ant</strong></span> <span class='ocrx_word' id='word_1_269' title='bbox 541 3950 601 3989; x_wconf 84' lang='lat' dir='ltr'><strong>noc.</strong></span> <span class='ocrx_word' id='word_1_270' title='bbox 614 3933 704 4000; x_wconf 86' lang='lat' dir='ltr'><strong>‚libro‘</strong></span> <span class='ocrx_word' id='word_1_271' title='bbox 724 3937 790 3987; x_wconf 88' lang='lat' dir='ltr'><strong>ante</strong></span> <span class='ocrx_word' id='word_1_272' title='bbox 809 3933 1016 4003; x_wconf 76' lang='lat' dir='ltr'><strong>,epistularum‘²</strong></span> <span class='ocrx_word' id='word_1_273' title='bbox 1034 3939 1082 3990; x_wconf 87' lang='lat' dir='ltr'><strong>aut</strong></span> <span class='ocrx_word' id='word_1_274' title='bbox 1099 3933 1208 3990; x_wconf 89' lang='lat' dir='ltr'><strong>numeri</strong></span> <span class='ocrx_word' id='word_1_275' title='bbox 1226 3934 1274 3988; x_wconf 86' lang='lat' dir='ltr'><strong>ali·</strong></span> 
     </span>
     <span class='ocr_line' id='line_1_34' title="bbox 178 4024 1274 4101; baseline 0.002 -19"><span class='ocrx_word' id='word_1_276' title='bbox 178 4028 254 4083; x_wconf 80' lang='lat' dir='ltr'><strong>euius</strong></span> <span class='ocrx_word' id='word_1_277' title='bbox 279 4028 391 4098; x_wconf 79' lang='lat' dir='ltr'><strong>signum</strong></span> <span class='ocrx_word' id='word_1_278' title='bbox 413 4034 479 4101; x_wconf 88' lang='lat' dir='ltr'><strong>post</strong></span> <span class='ocrx_word' id='word_1_279' title='bbox 499 4028 677 4099; x_wconf 82' lang='lat' dir='ltr'><strong>‚Ciceronem‘</strong></span> <span class='ocrx_word' id='word_1_280' title='bbox 701 4028 746 4100; x_wconf 83' lang='lat' dir='ltr'><strong>(cf.</strong></span> <span class='ocrx_word' id='word_1_281' title='bbox 764 4024 851 4084; x_wconf 86' lang='lat' dir='ltr'><strong>Prisc.</strong></span> <span class='ocrx_word' id='word_1_282' title='bbox 868 4026 904 4084; x_wconf 89' lang='lat' dir='ltr'><strong>H.</strong></span> <span class='ocrx_word' id='word_1_283' title='bbox 923 4048 967 4101; x_wconf 78' lang='lat' dir='ltr'><strong>pg.</strong></span> <span class='ocrx_word' id='word_1_284' title='bbox 978 4031 1041 4087; x_wconf 85' lang='lat'><strong>490.</strong></span> <span class='ocrx_word' id='word_1_285' title='bbox 1060 4030 1113 4100; x_wconf 75' lang='lat'>12).</span> <span class='ocrx_word' id='word_1_286' title='bbox 1151 4024 1274 4098; x_wconf 73' lang='lat' dir='ltr'><strong>Quorum</strong></span> 
     </span>
     <span class='ocr_line' id='line_1_35' title="bbox 179 4120 1273 4196; baseline 0.004 -19"><span class='ocrx_word' id='word_1_287' title='bbox 179 4121 203 4177; x_wconf 84' lang='lat' dir='ltr'><strong>si</strong></span> <span class='ocrx_word' id='word_1_288' title='bbox 219 4122 340 4179; x_wconf 79' lang='lat' dir='ltr'><strong>alterum</strong></span> <span class='ocrx_word' id='word_1_289' title='bbox 357 4129 389 4179; x_wconf 87' lang='lat' dir='ltr'><strong>et</strong></span> <span class='ocrx_word' id='word_1_290' title='bbox 407 4125 482 4195; x_wconf 84' lang='lat' dir='ltr'><strong>quod</strong></span> <span class='ocrx_word' id='word_1_291' title='bbox 498 4124 615 4179; x_wconf 87' lang='lat' dir='ltr'><strong>mutatio</strong></span> <span class='ocrx_word' id='word_1_292' title='bbox 633 4120 742 4180; x_wconf 81' lang='lat' dir='ltr'><strong>facilior</strong></span> <span class='ocrx_word' id='word_1_293' title='bbox 760 4128 804 4178; x_wconf 87' lang='lat' dir='ltr'><strong>est</strong></span> <span class='ocrx_word' id='word_1_294' title='bbox 823 4127 852 4179; x_wconf 89' lang='lat' dir='ltr'><strong>et</strong></span> <span class='ocrx_word' id='word_1_295' title='bbox 862 4125 938 4194; x_wconf 89' lang='lat' dir='ltr'><strong>quod</strong></span> <span class='ocrx_word' id='word_1_296' title='bbox 948 4143 993 4181; x_wconf 89' lang='lat' dir='ltr'><strong>res</strong></span> <span class='ocrx_word' id='word_1_297' title='bbox 1012 4126 1073 4196; x_wconf 88' lang='lat' dir='ltr'><strong>ipsa</strong></span> <span class='ocrx_word' id='word_1_298' title='bbox 1084 4126 1183 4181; x_wconf 83' lang='lat' dir='ltr'><strong>suadet</strong></span> <span class='ocrx_word' id='word_1_299' title='bbox 1195 4142 1273 4195; x_wconf 85' lang='lat' dir='ltr'><strong>pree·</strong></span> 
     </span>
     <span class='ocr_line' id='line_1_36' title="bbox 176 4218 948 4305; baseline 0.004 -30"><span class='ocrx_word' id='word_1_300' title='bbox 176 4218 300 4289; x_wconf 70' lang='lat' dir='ltr'><strong>minem,</strong></span> <span class='ocrx_word' id='word_1_301' title='bbox 318 4221 476 4291; x_wconf 77' lang='lat' dir='ltr'><strong>complures</strong></span> <span class='ocrx_word' id='word_1_302' title='bbox 493 4220 581 4305; x_wconf 73' lang='lat' dir='ltr'><strong>fibros</strong></span> <span class='ocrx_word' id='word_1_303' title='bbox 597 4219 684 4276; x_wconf 74' lang='lat' dir='ltr'><strong>tuisse</strong></span> <span class='ocrx_word' id='word_1_304' title='bbox 701 4219 879 4276; x_wconf 62' lang='lat' dir='ltr'><strong>manfiestum</strong></span> <span class='ocrx_word' id='word_1_305' title='bbox 896 4224 948 4278; x_wconf 81' lang='lat' dir='ltr'><strong>est.</strong></span> 
     </span>
    </p>
   </div>
   <div class='ocr_carea' id='block_1_6' title="bbox 0 0 1524 4786">
    <p class='ocr_par' dir='ltr' id='par_1_15' title="bbox 0 0 1524 4786">
     <span class='ocr_line' id='line_1_37' title="bbox 0 0 1524 4786; baseline 0 5"><span class='ocrx_word' id='word_1_306' title='bbox 0 0 1524 4786; x_wconf 95' lang='lat' dir='ltr'><strong> </strong></span> 
     </span>
    </p>
   </div>
  </div>
 </body>
</html>
