3038 4786
796 325 818 387 4

266 505 395 579 duoilli
420 505 509 587 libri,
540 506 667 570 tertium
690 506 848 571 decimum
871 507 944 572 dico
966 516 998 572 et
1020 507 1354 591 quintumdecimum,
1415 576 1420 587 ,
1510 510 1511 519 ’

262 615 307 679 ita
327 615 499 700 placuere,
527 623 562 678 ut
591 622 803 700 quotcumque
832 615 986 702 epistulae
1008 616 1145 681 omissae
1165 620 1269 698 eraut,
1301 637 1354 680 eas

258 723 308 788 his
327 722 523 809 potissimum
548 722 724 805 insereret,
760 733 917 810 tamquam
943 726 970 789 si
1002 726 1144 812 ipsorum
1167 746 1276 791 caussa
1298 730 1354 788 eos'

258 853 356 917 supra
377 831 564 899 seruasset?
606 830 673 899 Sed
695 822 900 915 u'ereorrne
933 833 1049 919 longus
1082 835 1293 899 esseuidear
1319 834 1353 896 in

259 942 303 1017 eis
324 940 532 1023 refellendis,
569 962 650 1024 quae
670 962 870 1027 nequaquam
891 942 962 1006 ueri
983 941 1097 1006 similia
1118 962 1190 1006 esse
1210 943 1352 1030 adparet

257 1049 365 1135 Atque
385 1049 412 1113 si
434 1048 503 1134 quis
527 1058 590 1131 cst,
605 1110 608 1115 4
626 1050 680 1135 qui
708 1049 808 1114 nihile
842 1050 946 1115 minus
974 1050 1059 1116 casui
1082 1058 1204 1115 tantum
1232 1050 1352 1131 tribuit,

257 1166 408 1242 quantum
430 1158 492 1223 sibi
508 1157 614 1244 ipsum
636 1181 742 1222 casum
766 1158 929 1224 confidere
953 1181 1018 1224 non
1048 1159 1164 1241 credo,
1189 1180 1270 1244 quac
1290 1179 1350 1244 po·

255 1277 323 1332 stea
345 1267 385 1332 de
401 1267 523 1332 ratione
545 1289 606 1351 qua
627 1248 713 1333 haee
730 1267 936 1352 epistularum
960 1290 1095 1354 corpora
1116 1278 1186 1335 orta
1208 1269 1270 1334 sint
1290 1268 1353 1334 dis·

256 1376 452 1461 putabimus,
497 1398 533 1440 ea
563 1385 640 1462 puto
670 1385 731 1440 tam
765 1386 851 1443 certo
882 1388 1071 1464 argumento
1101 1379 1353 1445 demonstratura

258 1506 329 1550 esse
361 1508 467 1551 casum
497 1484 600 1550 nullas
629 1494 735 1572 partes
758 1486 789 1550 h.
811 1487 832 1552 l.
857 1488 994 1570 habere,
1023 1497 1150 1572 tamque
1180 1486 1352 1573 perspicue

258 1596 407 1679 doctum,
439 1618 502 1681 quo
528 1597 624 1662 modo
658 1599 853 1684 perturbatio
875 1599 930 1663 illa
950 1638 993 1649 -
1022 1619 1102 1682 quae
1131 1619 1202 1662 esse
1222 1596 1352 1662 uidetur

255 1704 361 1790 potius
383 1726 477 1789 quam
499 1729 535 1770 re
556 1726 634 1771 uera
651 1715 704 1779 est
723 1745 765 1756 —
786 1717 854 1772 orta
876 1708 934 1788 sit,
957 1716 991 1770 ut
1010 1728 1052 1770 no
1074 1705 1198 1792 species
1221 1705 1351 1790 quidem

258 1812 459 1878 dubitationis
482 1813 691 1899 relinquatur.
737 1814 824 1895 Quid
848 1824 961 1896 autem,
981 1813 1008 1878 si
1031 1823 1079 1878 est
1102 1813 1209 1898 quiin
1232 1812 1350 1879 descri-

257 1924 363 1989 bendo
384 1925 454 1989 illas
480 1924 629 2011 epistulas
651 1926 856 2011 transpositas
885 1946 954 1990 esse
984 1923 1098 2011 putet?
1148 1923 1238 1990 Talia
1267 1925 1350 1991 enim

256 2031 400 2098 inlibris
423 2031 464 2096 ad
488 2032 629 2097 Atticum
652 2042 683 2097 et
703 2033 743 2097 ad
757 2031 911 2112 Quintum
934 2031 1064 2097 fratrem
1085 2033 1165 2098 faeta
1187 2055 1258 2099 esse
1280 2054 1351 2099 cum

254 2140 288 2204 in
309 2140 451 2226 legendo
473 2139 631 2221 uidemus,
652 2149 718 2203 tum
741 2141 940 2225 praeclarum
961 2138 995 2203 in
1015 2139 1146 2204 modum
1169 2140 1349 2206 certissimis

195 2298 201 2308 s
258 2249 414 2335 exemplis
439 2249 667 2313 demonstrauit
684 2248 743 2313 Th.
755 2249 980 2314 Mommsenius
989 2251 1029 2334 11)
1051 2288 1094 2299 -
1116 2250 1225 2335 quidni
1246 2250 1350 2316 simile

255 2357 377 2442 aliquid
409 2358 442 2420 in
485 2357 529 2422 eis
561 2380 641 2443 quae
675 2366 841 2424 tractamus
875 2357 1003 2422 euenire
1023 2359 1150 2445 potuit?
1203 2358 1352 2423 Attamen

255 2467 401 2531 euenisse
423 2488 521 2554 nego.
562 2467 678 2557 Neque
702 2466 786 2531 enim
807 2475 960 2552 repetam,
985 2469 1071 2553 quod
1093 2490 1190 2554 supra
1212 2488 1349 2533 comme·

253 2574 384 2655 morsui,
407 2572 462 2636 uix
483 2582 546 2636 tam
569 2594 665 2659 saepe
686 2572 761 2637 talia
782 2573 928 2638 accidere
949 2575 1109 2660 potuisse,
1139 2596 1247 2659 neque
1267 2574 1349 2638 illud

253 2682 333 2745 miro
363 2683 501 2767 quodam
533 2672 607 2747 casu
630 2702 848 2767 quaecumque
876 2684 991 2748 omissa
1013 2692 1102 2748 erant
1124 2684 1201 2750 folia
1222 2685 1256 2748 in
1283 2684 1346 2751 duo

255 2789 353 2855 libros
375 2790 530 2885 migrasse
551 2828 593 2837 -
617 2789 714 2853 immo
743 2790 920 2855 hocetiam
942 2791 1063 2878 largiar
1086 2793 1187 2878 (quod
1208 2801 1243 2857 ut
1267 2793 1350 2878 quis-
1417 2784 1435 2812 ³

255 2898 348 2982 quam
381 2920 506 2964 mecum
536 2899 692 2983 largiatur
722 2898 854 2989 uereor)
890 2901 987 2966 octies
1019 2902 1096 2969 folia
1126 2902 1278 2968 nonnulle
1309 2901 1355 2968 ita

252 3009 441 3093 transposita
460 3029 540 3090 esse,
562 3016 597 3071 ut
616 3029 659 3071 ne
681 3029 742 3072 una
758 3009 889 3094 quidem
903 3010 1039 3095 epistula
1052 3011 1115 3078 hoc
1127 3012 1209 3078 facto
1233 3012 1346 3079 discin-

253 3117 383 3182 deretur
405 3156 447 3165 -
466 3125 593 3202 tempus
614 3118 718 3201 ipsum
743 3141 805 3206 quo
828 3119 902 3184 illae
925 3121 1082 3204 epistulae
1105 3120 1243 3207 scriptae
1263 3128 1345 3201 sunt,

252 3226 362 3306 obstat,
385 3224 420 3290 id
442 3225 528 3310 quod
550 3248 614 3290 uno
637 3229 787 3314 exemplo
813 3228 1047 3295 demonstrabo.
1088 3228 1172 3314 llpp.
1195 3228 1292 3294 XHI.
1308 3227 1349 3293 15

255 3342 286 3399 et
309 3335 348 3399 16
369 3343 442 3397 sunt
462 3334 535 3399 anni
549 3335 761 3418 IOCOVIllI,
783 3337 924 3401 eiusdem
939 3337 1013 3403 libri
1028 3357 1102 3422 epp.
1118 3335 1255 3401 17-28·
1272 3333 1347 3399 anni

250 3439 455 3523 leucum,
486 3442 563 3507 item
586 3466 636 3531 ep.
658 3446 709 3510 29.
763 3446 845 3511 Cum
872 3452 977 3508 autem
1008 3464 1057 3529 ep.
1081 3442 1195 3508 VH.5
1225 3442 1349 3508 miserit

251 3546 365 3623 Cicero
388 3572 470 3615 anno
500 3550 625 3634 1000,
658 3553 738 3620 ΠΠ.
772 3554 853 3617 1-6
881 3552 964 3615 intra
1001 3570 1117 3616 anuum
1154 3551 1276 3618 10001
1316 3559 1348 3617 et

250 3652 474 3742 IOOOVIHI,
505 3661 548 3725 X.
571 3662 674 3726 1-24
694 3656 843 3746 ‘denique
867 3685 894 3725 a.
909 3659 1045 3727 IOOOX
1068 3670 1099 3726 et
1118 3659 1282 3744 IOOOXI,
1304 3680 1346 3726 ex

254 3765 298 3829 eis
322 3787 402 3851 quae
425 3791 523 3856 supra
546 3770 588 3836 de
620 3770 733 3837 ordine
756 3770 960 3858 epistularum
982 3769 1211 3856 disputauimus
1241 3769 1345 3856 sequi·

324 4029 368 4098 11)
387 4028 433 4099 In:
455 4028 616 4086 zeitschrift
635 4030 654 4086 f.
673 4030 705 4105 d⁴=
718 4030 926 4091 Altertbumsu.
944 4033 1023 4091 1844,
1041 4031 1090 4089 Νι.
1101 4033 1137 4089 75
1154 4036 1184 4086 et
1200 4031 1244 4103 76,
1262 4035 1292 4105 et
1309 4031 1347 4093 ib.

253 4124 331 4217 1β45,
349 4118 398 4200 Nn.
409 4127 443 4183 98
461 4129 542 4184 etue.
580 4124 684 4193 Quibus
701 4125 772 4183 adde
787 4145 859 4199 quae
878 4128 1025 4200 proposuit
1040 4128 1075 4182 de
1094 4128 1204 4184 Gruber
1216 4128 1234 4181 l.
1245 4145 1345 4186 comm

251 4219 286 4272 de
304 4221 430 4290 epistulis
449 4222 615 4300 quibusdam
631 4224 668 4278 ad
687 4224 812 4283 Atticum
831 4225 952 4295 seriptis.
1054 4268 1056 4272 a
1176 4262 1179 4270 ι
