3038 4786
679 303 719 368 17

161 507 163 512 ’
234 487 370 553 Prorsus
393 487 485 553 aliter
518 488 555 552 s'e
586 487 706 551 habent
740 484 949 569 epistulae
978 483 1026 548 ad
1059 477 1246 548 Atticum

152 584 276 662 missaea
318 594 402 662 Nam
425 595 494 680 quis
515 594 645 659 tandem
669 603 769 680 neget
790 592 932 658 sedecim
954 591 1027 657 illos
1057 591 1156 657 libros
1178 590 1247 656 co's·

152 705 226 771 dem
249 727 330 787 ease,
352 705 408 790 qui
428 704 516 769 initio
540 704 617 769 editi
630 702 729 768 sunt?
752 702 822 787 quis
842 702 924 766 tales
944 721 1004 787 pro
1019 700 1182 784 excerptis
1196 699 1251 763 ha·

151 814 253 881 beat?
296 812 362 879 Vix
390 812 490 898 igitur
518 834 599 898 opus
624 819 710 877 esset
731 810 865 878 Corneli
891 807 1026 896 Nepotis
1059 807 1251 890 testimonio,

152 923 207 1009 qui
229 924 275 1010 (n.
298 922 394 988 Attici
415 923 464 987 lu
489 921 525 1007 3)
548 920 628 986 baec
647 928 770 985 narrat:
798 917 959 1001 ,undecim
989 916 1153 983 uolumina
1185 915 1252 1003 epi·

152 1033 306 1098 stolarum
327 1034 367 1098 ab
396 1030 560 1096 consulatu
586 1031 654 1095 eius
677 1027 759 1117 (scil.
784 1026 965 1116 Ciceronis)
991 1047 1094 1112 nsque
1122 1025 1164 1090 ad
1197 1047 1252 1090 ex·

152 1151 290 1206 tremum
311 1149 439 1225 tempus
461 1138 502 1204 ad
525 1139 664 1204 Atticum
686 1137 875 1202 missarum‘.
928 1133 1021 1216 Quae
1042 1137 1142 1201 uerbs
1160 1133 1253 1201 nobis

150 1248 334 1316 testimonio
358 1269 430 1314 csse
453 1247 536 1329 dixi,
561 1247 634 1332 qnia
661 1244 731 1311 sine
756 1244 823 1310 ulla
846 1243 1045 1310 dubitatione
1076 1264 1135 1328 pro
1158 1243 1254 1329 signo

155 1356 205 1424 xl
229 1356 332 1443 (quod
352 1357 446 1422 stiam
464 1376 550 1423 nune
569 1363 636 1420 tres
660 1354 787 1420 codices
802 1355 972 1442 praebent)
985 1351 1067 1418 XVI
1080 1374 1151 1417 oum
1165 1350 1253 1417 Aldo

151 1465 386 1532 restituendum
418 1474 482 1547 est,
515 1485 587 1531 cum
613 1473 794 1550 temporum
826 1461 964 1528 rationes
991 1459 1182 1529 Cornelium
1211 1459 1253 1525 ds

153 1574 278 1642 eisdem
315 1595 395 1661 quos
430 1596 489 1639 nos
529 1574 685 1639 hebemus
721 1571 811 1637 libris
849 1571 1007 1658 cogitasse
1044 1571 1179 1637 doceant
1196 1570 1254 1657 ⁸⁰).
1326 1552 1332 1559 ’

153 1684 269 1767 Quos
293 1693 499 1771 excerpta
519 1705 601 1749 non
623 1704 716 1748 esse
746 1704 812 1748 non
830 1691 878 1749 est
900 1682 987 1768 quod
1010 1680 1158 1769 pluribus
1180 1701 1254 1766 per·

154 1816 273 1881 sequar
284 1795 338 1881 ³¹).

153 2096 244 2151 stolae
263 2097 308 2162 10,
327 2096 371 2164 17,
390 2097 434 2160 21,
455 2096 490 2150 22
499 2132 507 2160 ,
524 2110 602 2164 auae
621 2111 671 2149 cur
687 2094 719 2149 in
740 2096 904 2164 excerptum
928 2095 1060 2162 receptse
1084 2091 1141 2148 sint
1164 2092 1256 2148 minus

152 2181 324 2252 perspicitur
344 2212 376 2222 —
397 2185 521 2235 ettamen
538 2196 629 2249 neque
647 2180 702 2235 hoc
718 2196 809 2250 neque
826 2178 897 2234 illud
915 2179 1013 2233 certi
1031 2178 1098 2248 quid
1116 2180 1227 2250 probat

229 2274 272 2347 30)
292 2274 348 2331 Soli
364 2276 453 2348 igitur
463 2276 574 2332 Corneli
584 2276 779 2349 neglegentiae
799 2279 863 2351 (qus
872 2278 944 2332 solet
954 2293 1014 2332 esse
1033 2277 1064 2330 in
1081 2276 1164 2330 rebus
1176 2275 1258 2345 perui

154 2373 298 2443 momenti)
316 2372 495 2427 tribuendum
514 2377 572 2442 est,
591 2372 665 2442 quod
684 2373 813 2442 scripsit:
839 2375 882 2441 ,ab
901 2373 1047 2428 consulatu
1064 2371 1141 2440 eius‘,
1162 2388 1256 2442 quam·

154 2485 237 2538 qnam
246 2470 397 2526 nonnullae
407 2471 541 2540 epistulae
554 2471 618 2537 (etsi
626 2468 855 2540 perpaucae)iam
865 2472 930 2523 ante
941 2486 1044 2524 annum
1051 2465 1257 2524 Iocuxxm.

156 2564 280 2636 scriptae
298 2570 372 2620 sunt.
407 2565 479 2620 Item
499 2568 656 2635 postremae
674 2566 785 2620 litterae
802 2563 886 2619 hodie
905 2564 1070 2634 superstites
1083 2562 1256 2619 menseDec.

155 2678 180 2714 a
198 2658 312 2728 lucca,
332 2660 424 2716 nullae
445 2678 470 2715 a.
491 2658 618 2715 IOCCXI.
637 2660 718 2715 datae
737 2664 815 2729 sunt,
844 2659 874 2715 id
892 2658 968 2730 quod
983 2659 1048 2714 inde
1069 2657 1174 2714 factum
1196 2673 1256 2713 esse

157 2756 272 2826 conicio,
291 2754 367 2827 quod
386 2755 499 2815 Atticus
515 2756 591 2813 illius
611 2757 677 2815 suni
694 2757 843 2827 epistulas,
867 2756 897 2811 in
924 2756 1024 2826 quibus
1047 2756 1151 2810 multse
1176 2759 1258 2810 erent

156 2852 326 2918 suspiciosae
349 2852 384 2906 de
400 2868 431 2907 re
449 2852 562 2923 publiea
579 2851 798 2925 disputationes,
827 2855 876 2907 snt
900 2852 996 2906 statim
1015 2856 1164 2922 postquam
1186 2850 1257 2921 legit

160 2944 278 3015 delebat,
296 2952 344 3002 aut
363 2966 417 3017 quo
437 2951 563 3018 tempore
582 2948 679 3003 Cicero
698 2948 872 3018 proscriptus
891 2953 952 3016 est,
980 2964 1032 3003 nec
1050 2964 1117 3002 uero
1135 2964 1257 3017 unquam

161 3038 261 3110 edidit,
281 3042 447 3110 cldbeken,
465 3043 562 3097 Cicero
579 3043 610 3096 in
627 3043 722 3098 seinen
732 3043 845 3097 Briefen
865 3061 912 3113 pg.
924 3044 987 3109 426,
1005 3043 1053 3112 qui
1073 3041 1257 3101 Octauianum

160 3135 305 3202 quominus
322 3135 402 3191 huius
420 3135 497 3190 modi
518 3136 653 3205 epistulae
672 3135 884 3206 diuulgarentur
907 3133 1055 3205 impedisse
1077 3140 1167 3206 putat.
1203 3136 1258 3193 Vix

159 3234 219 3285 erat
237 3230 284 3299 qni
298 3232 365 3287 talia
382 3233 428 3287 uel
445 3232 532 3286 uellet
550 3231 641 3286 edere.

228 3329 273 3396 31)
292 3328 360 3383 Veri
380 3329 551 3383 simillimum
567 3345 635 3384 uero
654 3332 698 3384 est
716 3328 746 3382 in
758 3325 948 3382 describendis
965 3327 1093 3397 epistulis
1110 3329 1258 3384 nonnullas

156 3421 338 3492 neglegentia
357 3425 472 3479 omissas
490 3441 560 3491 esse,
582 3423 612 3478 id
631 3422 706 3493 quod
724 3439 758 3477 eo
778 3422 887 3477 facilins
911 3422 1038 3478 accidere
1055 3425 1162 3494 potuit,
1183 3424 1259 3495 quod

156 3516 253 3571 eadem
272 3518 371 3588 cuique
389 3521 476 3577 uerba
494 3520 631 3590 inscripta
648 3524 721 3574 sunt.
762 3517 856 3588 Atque
880 3536 911 3574 re
933 3535 1002 3573 nera
1019 3520 1087 3574 talia
1105 3520 1180 3575 faeta
1198 3538 1258 3577 esse

156 3632 201 3685 ep.
222 3615 260 3670 sd
276 3616 341 3671 fam.
356 3616 403 3671 XI.
423 3619 465 3673 13.
486 3617 521 3672 A.
540 3617 636 3686 docet,
664 3616 742 3671 ouius
758 3615 946 3686 fragmentum
967 3617 1022 3670 nisi
1040 3617 1070 3671 in
1088 3617 1189 3686 indice,
1210 3618 1259 3687 qui

156 3711 232 3766 libro
252 3711 283 3766 in
303 3712 364 3767 cod.
381 3712 456 3768 Med.
474 3713 643 3783 preemissua
661 3718 720 3780 est,
743 3729 800 3767 non
818 3712 959 3782 reperitur
976 3711 1021 3782 (cl.
1041 3711 1127 3767 Orelli
1144 3713 1269 3780 adnotaf.

154 3807 263 3862 tionem
288 3807 324 3862 ed
346 3808 375 3862 h.
393 3809 433 3877 1.).
475 3808 530 3864 Sed
555 3809 631 3864 idem
650 3826 712 3879 epp.
739 3808 777 3863 ad
793 3806 922 3863 Atticum
945 3808 1080 3863 accidisse
1096 3824 1259 3879 persuasum

154 3902 262 3970 habeo,
289 3920 353 3961 cum
372 3921 407 3957 ex
424 3903 467 3958 his
486 3904 553 3974 ipsis
571 3905 679 3974 antiqui
696 3905 849 3975 scriptores
872 3910 931 3960 tres
954 3906 1032 3961 locos
1050 3911 1176 3977 sumptos
1197 3923 1258 3962 esse

155 3997 281 4064 tradent,
300 4016 370 4068 quos
386 4016 466 4075 nunc
477 3998 583 4057 frustra
601 4001 631 4055 in
648 4001 753 4056 nostris
770 4001 850 4057 libris
869 4001 1036 4070 qnserimus.
1074 4001 1145 4057 Sunt
1165 4007 1260 4058 autem

156 4092 201 4148 bi:
219 4093 326 4151 Seneca
345 4094 685 4153 norwicensem
716 4098 776 4167 (uhi
796 4096 912 4167 quidem
936 4102 997 4153 tres
1021 4097 1103 4152 oodd.
1122 4098 1259 4169 scriptum

157 4189 296 4260 praebent
313 4208 370 4247 non
388 4190 433 4259 ,ad
450 4190 593 4261 Atticum‘,
621 4192 682 4249 sed:
711 4192 756 4261 ,sd
769 4193 889 4264 sotium,
915 4192 952 4249 sd
970 4193 1102 4262 astitum,
1127 4194 1163 4250 ad
1181 4194 1259 4253 Acti·

1043 4294 1060 4346 2
