3038 4786
689 299 729 364 13

163 491 233 547 tere
254 481 314 546 sed
337 482 400 546 iam
419 481 507 566 quasi
536 501 674 547 necem
697 501 769 547 esse
795 479 875 545 mibi
895 479 1032 560 uidetur,
1056 486 1162 543 tamen
1182 497 1256 563 gra·

164 591 253 655 uiora
276 590 369 655 etiem
395 597 552 675 tamquam
574 574 717 656 cumulus
737 588 901 656 accedunt.
945 587 1027 653 (lum
1052 587 1137 652 enim
1156 586 1256 654 libros

164 698 291 764 tertium
314 698 473 764 decimum
502 710 534 765 et
555 699 698 785 quintum
720 699 879 764 decimum
910 717 983 783 epp.
1015 695 1056 760 ad
1083 696 1158 760 fam.
1177 695 1257 759 alius

167 807 312 894 corporis
332 829 369 872 ac
389 807 488 874 libros
500 808 623 873 I-XII
635 829 706 874 esse
727 807 920 872 uiderimus:
937 805 1073 891 primum
1085 802 1259 868 nonnullae
1311 870 1316 886 ¹

168 914 334 983 Ciceronis
357 916 399 981 ad
413 914 558 981 Cassium
584 916 734 1004 (ethssi
754 916 796 981 ad
811 896 1014 998 Ciceronem)
1035 911 1190 999 epistulae
1213 911 1259 975 di·

167 1025 318 1108 uulgatae
347 1033 453 1088 essent
482 1024 569 1111 (fam.
591 1024 665 1090 XII.
689 1025 822 1108 1-12),
856 1033 968 1110 postea
997 1043 1106 1086 rursus
1139 1030 1283 1107 paucae
1387 1114 1388 1118 Ἰ

169 1132 325 1216 quaedam
348 1131 434 1217 (XV.
459 1132 606 1219 14-19),
631 1132 768 1218 denique
789 1133 970 1219 complures
993 1130 1198 1216 epistularum
1219 1127 1260 1192 ad

169 1237 315 1306 (lessium
335 1240 412 1306 libri
436 1278 476 1293 -
497 1241 661 1325 numquis
682 1251 731 1306 est
751 1241 804 1326 qui
824 1241 918 1306 etiam
940 1240 1003 1304 hec
1022 1239 1070 1302 illi
1094 1237 1187 1303 aetati
1206 1236 1260 1300 tri·

169 1350 269 1439 buere
292 1348 430 1412 audeat?
480 1350 630 1416 Attamen
657 1349 744 1414 idem
765 1346 913 1413 Caesaris
943 1346 1084 1432 epistulis
1107 1344 1261 1411 accidisse

170 1478 303 1525 necesso
326 1467 420 1538 esset,
442 1458 484 1536 ad
506 1480 600 1543 quem
622 1466 695 1523 sunt
717 1457 789 1522 VH.
810 1460 848 1540 5,
871 1457 960 1522 XIII.
985 1459 1025 1523 15
1047 1467 1078 1523 et
1099 1458 1148 1539 16,
1173 1457 1261 1521 deni-

171 1587 233 1652 que
256 1575 323 1631 tres
351 1566 435 1632 libri.
489 1566 551 1632 Vel
583 1567 836 1653 contemplemur
862 1567 980 1632 librum
998 1550 1143 1632 'tertium
1177 1567 1262 1632 deci·

169 1697 272 1739 mum:
295 1675 345 1740 cui
367 1675 498 1741 tandem
518 1685 550 1740 et
573 1675 607 1739 in
617 1685 756 1741 mentem
769 1676 859 1741 uenit
880 1684 911 1741 et
931 1676 1064 1762 contigit
1084 1676 1155 1762 plus
1178 1684 1261 1741 octo·

171 1783 257 1867 ginta
292 1787 443 1870 epistulas
478 1785 754 1851 commendaticias
786 1785 826 1850 ad
856 1785 930 1869 plus
961 1785 1090 1871 triginta
1117 1784 1262 1849 homines

169 1896 281 1958 missas
309 1889 344 1957 in
372 1893 656 1979 unumqoouligere
683 1915 844 1960 necuere
865 1893 946 1959 ullas
973 1893 1053 1958 elius
1083 1894 1263 1981 argumenti

170 2000 291 2069 litteras
312 2003 485 2087 recipere?
527 2001 614 2068 Num
638 2004 702 2068 tale
724 2004 891 2069 consilium
911 2005 979 2069 fere
999 2005 1151 2090 ineptum,
1176 2003 1263 2087 quod

170 2096 276 2196 neque
297 2135 434 2196 unquam
456 2115 540 2200 cepit
561 2113 716 2200 quispiam
737 2136 798 2178 nec
821 2115 939 2199 capiet,
963 2111 1126 2180 Ciceronis
1147 2112 1263 2200 epistu-

171 2222 275 2288 larum
298 2222 413 2287 editori
434 2223 572 2304 tribuas,
604 2244 699 2307 quem
726 2231 880 2309 quotquot
906 2225 1010 2310 potuit
1031 2223 1180 2310 epistulas
1202 2222 1264 2286 uiri

174 2329 375 2398 celeberrimi
397 2332 579 2418 conlegisse
602 2331 807 2398 uidebimus?
854 2332 981 2417 Itaque,
1005 2355 1077 2397 cum
1098 2355 1184 2396 nunc
1202 2353 1265 2417 pro

173 2449 259 2506 certo
280 2440 452 2506 adfirmare
472 2441 575 2524 liceat,
600 2441 627 2506 si
642 2442 830 2526 quibusdam
845 2442 990 2528 epistulis
1010 2442 1186 2507 eorundem
1208 2463 1264 2505 no-

172 2549 259 2615 mina
276 2549 428 2633 inscripta
447 2550 649 2633 intrabimus,
679 2551 720 2615 ad
748 2573 828 2635 quos
854 2552 943 2617 missi
974 2550 1030 2616 toti
1058 2551 1265 2637 epistularum

172 2659 247 2724 libri
259 2657 335 2723 olim
350 2657 506 2743 diuulgati
525 2667 608 2740 sunt,
629 2679 681 2724 eas
705 2681 747 2723 ex
760 2659 809 2723 bis
830 2660 908 2745 ipsis
929 2655 1018 2726 libris
1031 2668 1170 2745 sumptas
1183 2680 1264 2739 esse,

171 2767 305 2853 adparet
327 2766 519 2851 quicumque
546 2767 621 2832 libri
643 2789 716 2855 epp.
737 2769 779 2834 ad
800 2769 874 2833 fam.
894 2769 973 2834 tales
997 2769 1145 2855 epistulas
1168 2767 1267 2833 conti-

172 2875 359 2956 acanthos
382 2896 446 2939 non
469 2897 541 2940 esse
559 2876 631 2940 illos
652 2858 768 2962 primo„
781 2876 892 2941 editos.
935 2877 1035 2941 immo
1059 2898 1131 2942 cum
1151 2876 1266 2942 mediis

133 3065 136 3071 Ι
176 2982 232 3047 eis·
245 2982 321 3048 illae
344 2984 499 3068 epistulae
521 2984 659 3050 insertae
682 2985 763 3066 sint,
793 2984 850 3049 toti
869 2985 904 3049 in
921 2985 1008 3050 huuc
1027 2985 1159 3050 modum
1183 3007 1266 3050 com·

175 3089 272 3175 positi
294 3099 381 3173 sunt,
410 3101 446 3157 ut
466 3114 486 3156 e
504 3092 640 3178 singulis
660 3091 723 3157 illis
744 3093 836 3157 libris
862 3092 966 3179 primo
996 3093 1089 3158 editis
1111 3092 1268 3178 quaedam

176 3208 378 3265 sumerentur
398 3210 494 3287 atque
521 3201 555 3264 in
575 3223 674 3266 unum
705 3223 820 3287 corpus
851 3201 1138 3287 coniungerentur:
1173 3210 1269 3267 sunt

178 3307 335 3393 igitur,
364 3319 400 3374 ut
419 3332 484 3374 uno
504 3312 606 3376 uerbo
628 3312 745 3392 dicam,
775 3311 941 3396 quidam
974 3311 1074 3376 libri
1104 3332 1190 3398 epp.
1219 3310 1268 3375 ad

176 3418 266 3483 fani.
291 3428 506 3504 excerpta.
548 3419 643 3486 Nune
658 3421 881 3507 intellegimus
902 3418 989 3485 unde
1010 3421 1126 3486 factum
1150 3419 1208 3500 sit,
1235 3427 1269 3482 ut

176 3527 364 3613 saepissime
389 3531 557 3616 perpaucis
588 3530 730 3615 epistulis
760 3551 870 3595 eorum
897 3530 1026 3595 nomina
1047 3529 1201 3615 inscripta
1221 3529 1269 3592 in-

174 3636 353 3719 ueniuntur,
366 3638 556 3722 quibuscum
568 3637 718 3706 Ciceroni
727 3660 876 3725 magnam
895 3639 1103 3726 epistularum
1120 3638 1268 3723 frequen·

174 3744 250 3810 tiam
272 3745 371 3812 fuisse
394 3746 529 3826 scimus3
560 3769 645 3813 nunc
665 3747 746 3812 illud
766 3769 904 3833 quoque,
926 3748 1087 3833 quomodo
1108 3744 1269 3829 acciderit,

174 3861 209 3919 ut
231 3853 341 3918 tertius
364 3853 507 3920 decimus
527 3853 611 3921 liber
631 3855 734 3920 nullas
747 3854 898 3942 epistulas
912 3856 973 3921 nisi
995 3854 1269 3922 commendaticias

177 3961 347 4045 contineat

260 4072 329 4139 Iam
351 4074 512 4159 quaeritur
532 4073 566 4138 in
588 4094 740 4159 quosnam
761 4073 859 4141 libros
884 4073 964 4139 haec
978 4074 1145 4161 disputatio
1163 4074 1269 4160 cadat,

177 4182 306 4267 quinam
327 4182 390 4247 sint
408 4204 544 4266 quorum
565 4183 695 4249 nomina
710 4191 751 4247 'et
775 4183 909 4268 integris
929 4183 1020 4250 libris
1042 4186 1270 4272 (grammaticis

762 4423 777 4459 4
