3038 4786
700 277 742 344 ῃ
819 376 823 385 .

257 458 352 525 Nunc
373 458 501 527 tandem
528 481 566 525 ea
584 467 721 525 tractore
741 457 825 540 licet,
848 457 935 523 unde
962 455 1128 525 Ciceronis
1157 459 1273 545 epistne

173 565 278 632 larum
301 567 486 651 συναγωγαὶ
510 566 636 633 initium
660 575 973 654 ceperunt-nostrae
996 567 1038 633 de
1060 567 1182 635 eisdem
1205 568 1272 654 epi·

165 674 265 741 stalis
283 675 441 763 institutae
466 677 695 764 disputationes
721 698 837 763 capere
857 698 921 741 nou
940 685 1127 762 potnerunt.
1164 674 1273 757 Quae·

174 805 310 871 eumque
336 785 420 852 enim
445 786 609 871 hucusque
633 786 883 872 disputanimus,
918 807 955 850 ea
976 794 1121 872 spectant
1145 783 1187 849 ad
1216 805 1271 851 ex·
1375 828 1381 839 ‚

174 902 284 979 oerpto
304 892 377 978 plus
395 903 521 960 centnm
542 877 632 959 annis
644 901 717 980 post
733 902 893 959 mortuum
905 891 1096 963 Ciceronem
1118 891 1272 974 confecta,

173 1022 260 1067 nunc
281 1001 320 1066 ad
344 999 572 1083 πρωτοτόκους
600 1001 807 1087 epistularum
829 1000 928 1067 libros
950 999 1038 1085 ipsos
1057 1021 1116 1064 nos
1139 1020 1274 1067 conuer-

172 1118 275 1177 tomus
298 1112 438 1198 primum
458 1112 554 1197 quis
577 1133 647 1177 eos
671 1111 971 1198 diuulgauerit
990 1120 1190 1198 quaerentes.

259 1217 357 1302 Quod
379 1221 406 1284 si
430 1222 562 1287 facimus
584 1219 700 1287 Cicero
722 1223 793 1308 ipse
814 1242 878 1307 qno
897 1230 1043 1308 tempore
1065 1219 1215 1306 primum,
1238 1228 1274 1286 nt

173 1329 220 1395 ita
240 1329 362 1411 dicam,
385 1328 509 1396 initium
532 1329 794 1416 conligendarum
821 1330 1028 1416 epistularum
1049 1327 1166 1397 factum
1189 1337 1274 1397 esset

172 1438 268 1504 nobis
290 1438 430 1520 tradidit,
454 1438 509 1524 qui
530 1436 817 1508 onnoIOCCVllI.
840 1436 957 1505 Tironi.
972 1438 1052 1504 haec
1067 1437 1195 1527 scripsit
1216 1437 1272 1523 (ad

171 1546 420 1613 nm.xvl.1t.
445 1548 499 1633 1):
520 1547 639 1628 ,Video
661 1547 738 1632 quid
762 1568 849 1633 agas.
893 1546 979 1611 Tuas
1002 1568 1129 1633 quoque
1153 1545 1270 1632 epistu-

170 1655 218 1722 las
229 1654 272 1742 ⁴⁶)
299 1654 350 1720 uis
371 1654 486 1720 referri
516 1654 550 1723 in
573 1654 758 1721 uolumina‘.
808 1654 924 1738 Neque
953 1676 1033 1721 nero
1066 1676 1137 1720 cum
1167 1654 1213 1719 eis
1224 1653 1267 1744 ⁴⁸)

171 1765 355 1847 consentio,
390 1766 443 1850 qni
465 1764 541 1830 iude
564 1773 675 1850 putant
693 1765 889 1831 concludere
912 1764 1012 1830 licere
1032 1764 1089 1830 illo
1111 1762 1174 1835 iam
1191 1774 1270 1833 tem·

169 1893 253 1960 pore
274 1871 439 1940 Ciceronis
464 1872 616 1959 epistulas
637 1872 672 1938 in
691 1873 856 1939 uolumina
875 1872 1021 1938 redactas
1044 1871 1159 1953 fuisse;
1193 1873 1270 1958 quid

170 1980 257 2048 enim
278 1980 306 2047 si
328 1981 435 2048 uerbis
455 1979 553 2063 ,Tuas
576 2030 585 2046 .
608 2031 616 2046 .
640 2031 648 2047 .
672 1982 849 2049 uolumina‘
876 2003 942 2049 non
970 1982 1051 2047 haec
1072 2004 1090 2048 e
1109 1981 1268 2049 contrario

168 2091 321 2177 ponenda
340 2100 431 2155 sunt:
460 2098 507 2171 ,ut
527 2112 618 2157 meae
639 2090 758 2157 relatae
780 2094 874 2173 sunt‘,
906 2091 964 2157 sed
995 2094 1023 2155 si
1054 2090 1117 2159 hoc
1147 2099 1268 2161 tantum

170 2196 286 2267 Cicero
309 2198 427 2264 uoluit:
457 2208 504 2282 ,nt
532 2221 619 2267 meas
644 2198 796 2286 epistulas
824 2200 863 2264 in*
888 2201 1052 2267 uolumina
1073 2199 1189 2267 referri
1215 2220 1268 2267 me

172 2308 236 2374 scia
255 2307 380 2375 nello‘?
423 2307 491 2378 Sed
512 2309 599 2394 quid,
623 2330 731 2374 nonne
752 2307 840 2374 idem
861 2308 976 2377 Cicero
996 2331 1032 2375 se
1053 2308 1087 2374 in
1104 2308 1267 2396 conligen-

170 2415 222 2485 dia
241 2426 335 2502 atque
358 2417 390 2482 in
413 2418 560 2483 ordinem
580 2417 770 2503 redigendis
784 2458 786 2465 ·
801 2417 947 2504 epistulis
969 2418 1035 2484 suis
1057 2440 1171 2506 parum
1194 2440 1268 2506 pro·

170 2524 287 2590 fecisse
307 2526 377 2611 ipse
400 2517 577 2609 confitetur,
602 2548 674 2592 cnm
695 2526 813 2592 scribat
832 2527 933 2595 haece
957 2527 999 2593 ad
1010 2527 1150 2594 Atticum
1163 2527 1266 2613 (XVI.

169 2634 200 2700 5.
221 2634 275 2718 lle
301 2633 457 2717 ,Moerum
480 2635 687 2721 epistularum
709 2635 797 2703 nulla
822 2647 871 2703 est
893 2636 1069 2721 συναγωγή,
1093 2637 1156 2703 sed
1173 2637 1269 2703 habet

170 2740 249 2807 Tiro
270 2741 369 2811 instar
390 2744 600 2830 septuaginta.
631 2742 673 2813 Et
693 2745 825 2832 quidem
847 2754 921 2810 suut
941 2768 960 2810 a
982 2754 1015 2810 te
1038 2745 1195 2832 quaedam
1215 2766 1268 2810 su·

168 2850 314 2916 mendae
367 2850 430 2918 lias
454 2874 519 2939 ego
545 2863 672 2941 oportet
691 2853 885 2939 perspiciam
913 2852 1094 2939 oonri-gsmr
1122 2862 1189 2919 tum
1211 2852 1267 2919 de·
1352 2870 1355 2881 ’

173 3007 366 3027 R

168 3105 264 3176 stolas,
282 3125 352 3180 quae
369 3108 476 3166 medem
493 3125 526 3167 ec
548 3110 684 3180 quaedam
696 3110 769 3167 XIII.
787 3109 855 3167 libri
871 3109 1023 3181 incomptae
1041 3112 1113 3179 aunt,
1130 3124 1267 3166 commen·

167 3200 287 3260 detioias
306 3222 375 3261 esse.

237 3300 283 3370 to)
299 3299 453 3356 Nonnullae
471 3299 583 3356 Tironis
601 3300 734 3371 epistulas
752 3318 784 3357 re
802 3318 870 3357 uera
887 3302 978 3358 editos
994 3319 1068 3371 esse,
1096 3302 1200 3359 Gellius
1218 3300 1266 3358 do·

163 3396 227 3463 cet,
252 3395 300 3464 qui
323 3413 425 3468 magna
442 3412 538 3455 earum
554 3396 712 3466 fragmenta
728 3398 810 3455 nobis
827 3399 965 3468 seruauit,
983 3416 1046 3459 oum
1063 3398 1098 3454 X.
1116 3402 1142 3456 1.
1160 3400 1188 3467 t,
1205 3403 1268 3457 tum

163 3487 212 3545 vt
231 3491 256 3546 3.
276 3492 319 3558 10,
339 3509 393 3562 quo
411 3492 475 3548 loco
493 3492 640 3562 Catonem,
658 3493 736 3549 cuins
757 3494 913 3553 orationem
930 3495 997 3550 Tiro
1015 3495 1045 3551 in
1062 3495 1183 3569 epistula
1201 3512 1267 3567 qua·

162 3583 232 3640 dam
249 3585 286 3641 ad
298 3587 401 3642 mum
418 3588 637 3661 uituperauerat,
655 3591 746 3646 acrius
765 3607 846 3661 quam
862 3591 970 3646 felicius
988 3591 1121 3647 defendit.
1155 3588 1267 3649 Tironis

166 3698 232 3752 epp.
252 3683 289 3739 ad
307 3684 469 3740 Ciceronem
490 3686 610 3756 scriptae
634 3704 651 3741 a
668 3687 802 3743 Cicerone
820 3687 856 3742 ad
877 3687 940 3742 iem.
959 3688 977 3742 l.
996 3688 1068 3745 XVI.
1093 3704 1174 3759 saepe
1193 3705 1266 3744 com·

165 3785 358 3837 memorantur
378 3780 420 3852 (nt
445 3784 471 3838 4.
489 3781 577 3851 init),
602 3785 670 3839 item
694 3783 730 3841 ad
752 3783 880 3841 Atticum
901 3785 1016 3843 missam
1040 3785 1101 3841 nu.
1121 3785 1154 3842 V.
1173 3786 1217 3841 20.
1238 3787 1265 3853 9,

162 3874 268 3946 (Attici
287 3876 324 3933 sd
342 3874 490 3935 Tironem:
511 3877 573 3934 Att.
589 3878 650 3935 m
669 3882 711 3938 19.
733 3882 761 3949 4,
782 3880 843 3937 XII.
862 3881 908 3952 48)
928 3881 964 3937 ad
984 3880 1120 3950 Quintum,
1133 3880 1265 3939 lr.:·iam.

159 3969 237 4029 XVI.
256 3974 299 4029 to
320 3976 345 4029 1.

232 4068 281 4139 46)
298 4068 337 4126 Vt
355 4068 388 4125 F.
405 4069 520 4143 Moager
534 4072 661 4141 <Ciceros
677 4072 770 4129 Briefe
786 4074 894 4129 uehere.
914 4092 940 4131 v.
958 4073 998 4131 Μ.
1016 4074 1121 4147 Stnttg.
1140 4076 1225 4146 1859)
1242 4074 1265 4133 1.

159 4177 209 4232 ps.
222 4164 267 4221 37.
