3038 4786
376 233 385 250 θ
416 237 424 251 ο
511 242 554 257 0,
595 233 727 271 ‘'n·n···

313 315 321 328 ⁰
351 319 386 334 1·
416 319 480 351 Ι...
510 332 601 358 κ’...
648 342 656 356 .
692 341 699 353 ι
736 309 777 341 uro

321 352 360 365 νυ
471 350 503 371 0'
573 368 601 381 Η
684 370 708 386 Η
798 324 819 387 2

298 379 306 391 ι
350 380 359 396 0
416 395 422 402 ,
471 378 499 404 ,0
529 379 601 416 '⁸02
648 376 717 420 ἱ..
775 401 782 412 U

376 418 384 429 ¹
437 413 501 438 00‘
618 433 655 447 ··
692 414 773 455 ΙΙ...

265 530 336 573 cum
356 505 491 593 singulis
513 504 589 569 uiris
611 525 664 569 res
685 505 828 589 fuissent,
850 506 1051 588 uideremus,
1075 506 1218 572 eiusdem
1240 504 1361 593 epistu-

263 617 309 680 las
334 637 395 701 per
416 623 515 680 totum
530 635 646 699 corpus
667 613 857 701 dispergere
879 636 944 679 non
964 614 1068 695 licuit3
1091 635 1184 701 quam
1200 614 1287 678 uiam
1306 635 1361 679 eo·

264 725 338 789 dem
360 724 503 809 profecto
524 722 612 805 iure,
642 744 684 787 ne
707 724 810 788 dicam
831 723 952 787 maiore
975 722 1068 788 etiam
1094 723 1168 787 illos
1189 722 1287 786 inisse
1310 722 1359 786 in-

261 832 453 919 tellegimus,
475 832 664 919 praesertim
683 832 710 897 si
734 832 812 916 quid
836 834 997 897 noluerint
1016 832 1102 896 illius
1122 833 1231 897 aetatis
1254 830 1360 896 homi-

260 964 318 1007 nes
347 951 541 1028 reputamus.
591 941 677 1005 illud
704 963 784 1006 uero
815 942 1094 1008 uehementissime
1112 941 1360 1028 uituperandum

264 1074 334 1118 esse
358 1053 500 1139 adparet,
524 1052 611 1136 quod
625 1051 772 1136 singulae
786 1051 952 1139 epistulae,
975 1072 1056 1137 quae
1072 1050 1247 1117 eorundem
1271 1059 1357 1133 sunt,

260 1169 406 1247 tempora
433 1161 628 1247 neglegunt,
662 1170 697 1226 ut
725 1163 916 1248 plerumque
946 1160 1075 1247 quidem
1108 1159 1254 1225 eiusdem
1284 1157 1360 1223 anni

264 1269 417 1355 epistulae
440 1270 538 1334 altera
560 1270 692 1335 alteram
713 1268 883 1356 excipiant,
908 1270 966 1334 sed
986 1270 1038 1356 ita,
1061 1277 1097 1333 ut
1112 1266 1270 1333 mensium
1292 1267 1359 1331 die·

261 1401 397 1464 rumque
417 1402 548 1466 prorsus
568 1379 689 1445 nullam
711 1379 864 1444 rationem
876 1379 1022 1443 habeant.
1066 1377 1153 1458 Quid
1176 1377 1263 1462 quod
1278 1398 1358 1441 non-

262 1510 433 1574 numquam
455 1488 579 1571 accidit,
602 1498 637 1553 ut
657 1489 712 1553 uel
735 1488 795 1553 hae
818 1488 873 1553 uel
892 1488 966 1553 illae
987 1487 1110 1551 litterae
1131 1484 1181 1550 sui
1198 1484 1272 1549 anni
1290 1485 1356 1569 epi·

262 1596 360 1661 stolas
383 1596 601 1682 relinquentes
622 1595 655 1661 in
677 1596 745 1660 eius
773 1595 826 1680 qui
848 1597 903 1661 uel
922 1594 1081 1660 antecedit
1100 1595 1155 1660 uel
1176 1591 1357 1678 sequitur⁸)

261 1706 334 1771 anni
356 1705 473 1770 seriem
493 1705 672 1769 transirent.
714 1704 795 1770 Inde
820 1704 965 1786 illerum,
998 1713 1034 1768 ut
1062 1702 1248 1788 exemplum
1268 1703 1354 1768 adfe-

262 1837 347 1896 ram,
385 1836 465 1898 quae
488 1822 562 1879 sunt
584 1812 750 1880 Ciceronis
774 1821 806 1877 et
832 1812 922 1885 Bruti
945 1814 999 1900 (ad
1020 1813 1093 1878 iam.
1115 1809 1173 1877 XI.
1194 1810 1356 1898 ‹sq-26>

264 1919 319 1986 hia
346 1920 426 1985 ordo
451 1927 513 1984 est:
545 1941 618 2006 epp.
639 1918 722 1983 4-—7
754 1927 786 1983 et
804 1919 855 1983 16
876 1926 908 1982 et
928 1917 967 1983 17
997 1940 1079 1982 anno
1108 1918 1262 2002 IOCCX,
1283 1920 1357 1984 reli·

263 2050 343 2113 quae
378 2050 461 2094 anno
493 2025 647 2096 IOCCXI
667 2026 805 2113 scriptae
837 2036 926 2108 sunt,
954 2026 998 2092 ita
1019 2047 1098 2093 uero
1109 2076 1119 2110 ,
1150 2038 1185 2094 ut
1212 2030 1244 2093 in
1272 2029 1358 2095 hune

264 2138 395 2203 modum
419 2160 491 2203 sese
513 2137 665 2222 excipere
689 2135 889 2201 debuissent:
911 2137 941 2218 8,
964 2136 994 2217 9,
1013 2137 1127 2219 10,11,
1154 2138 1204 2220 18,
1228 2138 1279 2221 19,
1302 2139 1355 2221 20,

262 2246 314 2329 23,
338 2247 387 2329 12,
411 2248 460 2328 14,
480 2247 532 2328 26,
554 2245 605 2327 21,
629 2245 686 2328 135,
708 2244 765 2325 24,
791 2246 847 2326 15,
868 2243 926 2325 25,
953 2243 995 2308 22
1006 2245 1049 2331 ⁵).
1097 2245 1143 2310 Α1
1176 2245 1254 2330 quid
1284 2245 1359 2323 hinc

260 2365 427 2441 sequatur,
450 2365 563 2441 postea
583 2346 782 2435 uidebimus,
811 2376 895 2418 nunc
917 2373 953 2418 ea
974 2354 1136 2420 tractanda
1155 2364 1245 2437 sunt,
1276 2376 1357 2440 quae

261 2465 296 2529 in
314 2464 524 2551 principalem
552 2461 640 2528 illam
663 2482 755 2546 quam
785 2460 904 2525 institui
925 2460 1072 2547 regulam
1101 2483 1166 2526 non
1188 2462 1355 2548 quadrant.

262 2572 388 2662 Septies
412 2572 497 2639 enim
518 2571 572 2637 uel
592 2571 689 2637 octies
702 2568 866 2663 Ciceronis
891 2569 1044 2654 epistulae
1067 2570 1108 2635 ad
1123 2571 1255 2636 eosdem
1281 2571 1357 2636 mis-

262 2705 316 2748 sae
340 2682 563 2762 inueniuntur,
588 2696 723 2766 quorum
744 2677 873 2742 nomine
892 2677 1053 2743 nonnullis
1083 2679 1163 2744 alius
1192 2680 1267 2746 libri
1291 2680 1358 2767 epi·

262 2790 351 2857 stulis
373 2790 524 2877 inscripta
552 2796 634 2853 sunt.
685 2785 832 2867 Quorum
861 2787 1005 2853 locorum
1037 2797 1242 2874 conspectum
1272 2789 1359 2856 hunc

263 2904 379 2968 babes:
401 2897 486 2965 misit
506 2896 622 2963 Cicero

263 3008 374 3076 Cassio
383 3008 532 3094 Longino
541 3004 772 3091 τυραννοκτόνῳ
783 3028 792 3070 z
814 3015 845 3071 et
855 3005 929 3071 XII.
939 3006 1043 3072 1-12
1055 2994 1087 3070 et
1097 3004 1171 3071 XV.
1183 3006 1308 3072 14-19
1318 2986 1358 3090 ⁶).

263 3121 304 3184 Μ.
331 3118 467 3184 Claudio
488 3117 641 3184 Marcello
661 3116 703 3182 M.
727 3114 763 3182 F.
829 3110 932 3199 ,Illi
946 3117 1046 3183 7-11
1072 3164 1090 3199 ,
1103 3115 1205 3182 XV.9
1218 3114 1254 3196 τ).

333 3397 360 3466 3)
377 3396 451 3451 Raro
465 3395 577 3450 litterae
594 3396 701 3465 aliquae
718 3394 793 3449 intra
810 3394 967 3481 remotioris
986 3392 1051 3448 anni
1068 3389 1199 3460 epistulas
1217 3386 1355 3457 migraue-

264 3496 342 3546 runt:
361 3493 391 3546 in
409 3492 457 3547 lib.
477 3491 556 3546 vim
577 3493 606 3546 et
623 3490 716 3559 XIIII3
740 3493 886 3559 praeterea
903 3488 944 3541 ita
959 3492 991 3542 ut
1008 3504 1104 3541 eorum
1121 3485 1169 3554 qui
1186 3484 1356 3538 interessent

265 3605 398 3642 annorum
414 3588 507 3642 nullae
524 3586 658 3657 epistulae
675 3588 817 3639 exstarent
833 3585 863 3637 in
880 3583 928 3636 lib.
946 3582 1000 3637 VII
1017 3581 1056 3652 (et
1072 3580 1158 3652 XHI).

333 3703 363 3771 4)
382 3701 424 3756 De
442 3719 502 3771 epp.
524 3702 593 3755 1-3
610 3698 690 3753 huim
707 3697 772 3752 libri
790 3696 863 3751 infra
879 3695 1090 3766 disputabimus.

338 3817 366 3885 5)
387 3815 427 3870 of.
444 3813 465 3869 I.
486 3814 520 3868 de
539 3812 661 3867 Creber:
686 3810 812 3881 quaestio
831 3810 866 3864 de
888 3814 1014 3880 tempore
1033 3813 1117 3879 etque
1135 3807 1206 3862 serie
1224 3806 1352 3877 epistola·

264 3931 327 3968 rum
345 3913 493 3968 Ciceronis.
527 3910 645 3966 Sundiae
666 3910 744 3965 1836.
762 3909 789 3963 4.

335 4027 362 4117 til
378 4026 423 4080 Ex
439 4025 482 4079 his
501 4024 561 4078 XII.
582 4025 626 4090 11,
645 4024 693 4090 12,
718 4021 777 4075 XV.
797 4022 831 4077 19
850 4019 928 4074 Cassi
943 4018 1031 4089 ipsius
1049 4020 1123 4071 sunt.

337 4142 365 4210 7)
384 4139 428 4193 Ex
444 4138 487 4192 his
504 4138 567 4194 1111.
583 4139 614 4193 11
637 4134 764 4189 Marcelli
780 4133 866 4204 ipsius
885 4137 935 4188 est.
972 4132 1116 4196 Ceterum,
1144 4146 1180 4185 ne
1198 4127 1260 4196 qui·
1276 4130 1359 4196 putet

264 4255 309 4293 me
332 4237 413 4291 huius
439 4236 506 4291 libri
523 4252 566 4307 ep.
586 4236 603 4290 7
620 4231 806 4320 neglegentis
822 4227 1058 4301 praetermisisse,
1085 4227 1156 4282 hene
1171 4225 1211 4280 ad
1227 4224 1256 4278 (1.
1275 4224 1357 4279 Cleu-
