3038 4786
746 311 764 375 'l

292 494 412 558 Prioris
434 493 565 580 generis
587 493 683 559 hasce
702 493 816 560 habes:

327 602 450 689 Sulpici
470 601 644 668 Lemonine
667 611 715 667 est
739 612 770 668 et
791 604 870 669 ΙΠΙ.
890 602 963 686 51⁴)
986 611 1018 667 ot
1035 603 1077 668 ib.
1097 602 1147 666 12.

330 712 371 777 ad
392 711 508 781 Silium
681 760 697 793 ,‚
741 761 757 794 „
773 713 868 778 ΧΠΙ.
887 712 928 776 47
990 761 1007 794 ,,
1051 712 1227 794 „ot-65.

207 821 244 885 ln
267 821 402 886 alterum
421 820 507 906 quod
529 819 626 885 modo
647 820 826 905 significatui
849 843 951 905 genus
973 822 1053 886 haec
1075 820 1203 886 eadunt:

295 928 411 996 Cicero
429 928 568 994 Aemilio
591 927 716 1014 Lepido
817 930 901 994 misit
943 929 985 993 X.
1008 930 1059 994 27.

294 1045 453 1110 Aemilius
476 1042 618 1130 Lepidus
643 1045 791 1112 Ciceroni
843 1095 859 1128 „
944 1046 985 1110 X.
1008 1046 1050 1110 34
1073 1047 1104 1109 ct
1124 1045 1175 1110 35.

296 1161 411 1229 CIeero
436 1161 547 1229 Caelio
569 1164 653 1229 Rufo
731 1196 733 1201 >
837 1213 853 1247 ‚,
937 1164 981 1230 H.
1005 1165 1117 1229 8-16.

298 1279 427 1347 Caelius
446 1279 550 1346 Rufus
570 1281 720 1348 Ciceroni
842 1330 857 1363 a
940 1289 1040 1345 totum
1064 1281 1085 1345 l.
1107 1280 1201 1347 VIII.

221 1414 225 1420 ’
296 1394 411 1463 Cicero
432 1395 596 1464 Trebonio
840 1447 868 1493 ,Ι
940 1386 983 1462 Χ.
1005 1398 1056 1480 28,
1078 1397 1151 1464 XV.
1165 1399 1216 1482 20,
1227 1399 1288 1501 21.Ι

294 1513 477 1581 Trebonius
501 1513 651 1581 Ciceroni
843 1562 860 1598 ,,
943 1514 1019 1581 XII.
1042 1516 1091 1580 16.

203 1631 314 1719 ltaque
339 1655 401 1719 quo
428 1634 502 1699 loco
524 1656 621 1720 supra
637 1656 676 1698 eo
700 1655 961 1720 perueneramus,
984 1642 1018 1697 ut
1038 1633 1178 1699 sedecim
1200 1633 1300 1699 libros
1414 1623 1416 1627 ¹

204 1741 413 1828 epistularum
442 1743 482 1807 ad
513 1743 609 1807 famil.
633 1744 797 1829 complura
825 1764 960 1830 corpora
989 1744 1119 1808 efficere
1148 1752 1299 1809 statuere·

203 1873 284 1932 mus,
306 1849 351 1916 ibi
375 1851 453 1916 duas
475 1851 660 1916 huiusmodi
684 1849 872 1936 συναγωγὰς
893 1873 1019 1935 sumere
1039 1851 1187 1945 suffecit.v
1217 1851 1299 1918 Cum

205 1958 290 2024 enim
311 1959 352 2024 ita
375 1981 428 2023 res
452 1982 524 2025 sese
545 1960 699 2043 haberet,
729 1969 764 2025 ut
795 1961 1002 2047 epistularum
1031 1960 1229 2046 quarundam
1258 1960 1298 2026 ad

207 2060 346 2134 eundem
368 2068 472 2133 uirum
494 2068 661 2134 missarum
684 2070 774 2156 prior
804 2092 876 2154 pars
909 2069 942 2133 in
964 2068 1053 2134 libris
1074 2068 1175 2151 I-X,
1200 2070 1300 2135 altera

204 2177 237 2239 in
258 2176 278 2240 l.
291 2177 378 2244 ΧΠΙ
398 2177 603 2260 inueniretur,
628 2177 759 2243 aliarum
780 2199 890 2242 rursus
912 2177 1000 2263 prior
1013 2177 1046 2241 in
1056 2176 1149 2245 libris
1160 2178 1296 2259 Ι-ΧΠ,
1327 2203 1337 2212 ·

204 2284 304 2350 altera
325 2307 399 2372 pars
424 2286 455 2350 in
476 2286 497 2350 l.
518 2287 593 2370 XV,
615 2287 694 2352 nihil
717 2286 887 2353 offensioni
908 2286 1033 2369 fuisset,
1067 2284 1094 2350 si
1122 2285 1210 2372 prius
1234 2288 1298 2373 epi-

201 2395 354 2459 stularum
377 2416 493 2482 corpus
516 2396 616 2462 libros
639 2397 776 2478 l-XII,
810 2383 945 2461 alterum
967 2395 1065 2460 libros
1087 2394 1298 2467 XIII-XVI

203 2502 372 2589 complecti
395 2503 621 2569 statuissemus.
671 2502 765 2569 Nunc
797 2525 876 2568 uero
901 2511 948 2568 est
969 2503 1123 2585 fortasse,
1147 2502 1200 2589 qui
1221 2503 1297 2570 inde

201 2613 239 2676 ab
266 2609 356 2675 initio
377 2620 422 2677 tot
444 2634 578 2700 corpora
602 2634 701 2698 eaque
723 2612 766 2677 ita
788 2611 901 2678 discisa
922 2611 1021 2676 fuisse
1044 2596 1161 2698 putet,⁴
1176 2620 1211 2676 ut
1233 2635 1298 2676 non

202 2724 307 2788 solum
330 2744 411 2809 quae
431 2722 535 2810 primo
557 2723 613 2786 illo
631 2730 801 2809 conspectu
823 2747 842 2786 a
856 2721 1128 2806 disponendarum
1151 2719 1298 2806 epistula-

200 2855 271 2897 rum
293 2833 407 2919 regula
428 2832 583 2898 recedere
607 2832 702 2898 docui
722 2836 805 2899 benc
827 2853 863 2896 se
885 2832 1037 2912 habeant,
1058 2830 1117 2896 sed
1139 2831 1199 2895 hac
1221 2852 1298 2914 quo-

203 2961 265 3026 que
288 2941 556 3024 offensiunculas,
590 2964 665 3027 quas
690 2941 785 3006 modo
806 2940 976 3028 proposui,
1008 2941 1156 3005 uitentur.
1201 2939 1298 3020 Quod

203 3058 238 3114 ut
264 3052 357 3114 fieret
389 3053 528 3118 sedecim
560 3053 659 3120 libros
689 3054 722 3116 in
752 3061 899 3138 quattuor
921 3073 1054 3138 corpora
1077 3051 1299 3116 diuiderentur

201 3179 334 3224 necesse
356 3169 440 3225 esset
459 3161 492 3226 in
514 3162 598 3228 hunc
621 3162 768 3243 modum,
791 3169 826 3226 ut
845 3161 917 3225 finis

79 3410 81 3423 ,
199 3359 315 3426 qustum
332 3373 395 3412 cum
412 3357 537 3412 ciusdem
556 3373 619 3430 epp.
638 3357 673 3412 ad
684 3356 835 3412 Lucceium
853 3355 934 3410 detis.
970 3355 1030 3423 Quo
1048 3354 1131 3410 modo
1149 3356 1241 3408 autem
1259 3354 1299 3408 in-
1390 3346 1392 3349 ’

197 3456 243 3507 ter
260 3451 310 3506 hes
328 3452 522 3508 Ciceronianus
539 3453 683 3523 uenerint,
711 3453 794 3509 facile
814 3452 994 3523 intellegitur.
1023 3482 1056 3491 —
1089 3451 1160 3507 Item
1177 3467 1234 3506 non
1254 3455 1299 3505 est

201 3565 252 3604 cur
271 3548 381 3616 eddam,
398 3549 464 3605 libri
479 3550 551 3606 XVI.
572 3548 704 3621 epistulas
722 3568 779 3605 non
796 3567 890 3605 omnes
908 3549 970 3604 aM.
978 3549 1068 3604 Tullio
1092 3549 1211 3620 scriptus
1230 3566 1298 3604 esse.

201 3644 308 3711 Quibus
326 3645 452 3715 epistulis
470 3645 524 3701 hoc
542 3662 688 3702 commune
701 3650 751 3716 est,
771 3647 846 3717 quod
864 3664 959 3701 omnes
976 3646 1014 3700 nd
1031 3646 1148 3701 eundem
1166 3646 1297 3701 Tironem

201 3739 302 3795 missae
321 3746 395 3809 sunt,
413 3745 446 3796 ut
464 3742 534 3797 nihil
551 3744 678 3812 intersit,
706 3743 833 3813 quisnam
854 3760 869 3797 c
887 3743 1067 3799 Ciceronibus
1087 3743 1208 3815 singulas
1232 3743 1298 3798 scri·

200 3836 304 3905 puerit,
331 3841 426 3892 utrum
450 3839 562 3894 Marcus
585 3839 646 3909 ipse
671 3839 726 3910 tut:
754 3838 1298 3909 210,12-15‚17-20‚22-24)an

199 3928 271 3984 tilius
289 3930 332 4001 (ut
350 3934 393 4002 21,
404 3935 450 4003 25)
468 3951 505 3989 cn
523 3933 640 4002 Quintus
658 3935 746 3991 frater
763 3935 796 4006 (is
816 3937 842 4007 8,
859 3935 956 4006 ren)
976 3952 1012 3990 sn
1030 3936 1185 4007 complures
1202 3951 1298 3990 eorum

200 4024 236 4093 (1,
255 4027 334 4095 3-7,
352 4030 378 4096 9,
397 4029 450 4098 11).
724 4042 726 4045 ·

271 4123 315 4193 14)
335 4123 432 4180 Cicero
450 4126 485 4182 sd
503 4126 655 4197 Sulpicium
672 4129 748 4183 misit
765 4129 825 4184 1111.
846 4129 917 4184 1-4
935 4133 964 4184 ct
983 4131 1008 4198 6,
1026 4134 1058 4184 ut
1078 4146 1161 4198 supra
1180 4143 1298 4185 comme·

201 4233 379 4274 monuimus.
