3038 4786
760 263 781 328 8

311 445 407 530 primi
439 445 582 532 corporis
605 453 691 509 esset
712 445 797 511 iutra
818 467 894 532 epp,
912 448 992 512 IIH.
1013 450 1035 512 6
1071 457 1104 512 et
1132 449 1211 515 ΠΗ
1234 450 1283 529 12,

311 555 443 620 secundi
507 600 524 632 „
624 599 641 631 „
744 601 760 635 ‚,
844 602 862 636 „
946 556 1092 638 X.28,
1166 558 1284 639 Χ,34,

238 662 395 731 ,tertii
504 710 521 744 „
622 710 639 742 „
739 711 756 743 ,‚
840 711 858 744 „
896 665 1285 747 ffl47,xffl61,

313 770 416 854 quarti
510 818 528 852 „
629 818 646 852 ,
688 771 771 837 XVI
786 781 868 837 em.

230 878 316 948 Sane
335 879 362 944 si
384 879 454 964 quis
473 879 554 943 nibil
576 881 707 946 efficere
728 882 870 962 studeat,
892 881 954 945 nisi
981 891 1017 945 ut
1045 883 1152 947 omnia
1178 882 1326 967 regulam

228 1010 325 1075 supra
344 991 540 1075 propositam
562 999 750 1075 sequantur,
777 990 832 1055 hic
861 990 958 1055 talem
988 990 1201 1056 distribuendi
1230 991 1325 1055 ratio·

229 1119 305 1161 nem
327 1097 436 1162 laudet
458 1099 659 1184 libenterque
681 1109 843 1185 capessat;
874 1121 968 1183 quam
990 1120 1123 1184 prorsus
1141 1099 1327 1183 relinquen-

229 1205 303 1270 dam
328 1226 399 1270 csse
420 1205 514 1270 facile
535 1206 626 1270 nobis
647 1207 922 1292 persuadebimus.
973 1207 1133 1272 Videntur
1162 1209 1246 1272 enim
1267 1229 1327 1292 po·

227 1312 288 1378 tius
311 1336 389 1398 quas
408 1314 508 1378 modo
537 1316 684 1380 recensui
717 1315 874 1401 epistulae
904 1338 976 1381 cum
1004 1316 1121 1399 regula
1152 1338 1218 1380 non
1253 1337 1326 1380 con-

228 1442 357 1508 gruere,
380 1444 474 1506 quam
494 1443 532 1487 re
553 1444 632 1487 uera
653 1423 683 1486 ei
695 1431 886 1509 repugnant.
928 1422 1011 1487 Nam
1031 1422 1119 1487 unde
1137 1423 1254 1487 factum
1275 1423 1326 1503 sit,

226 1539 263 1595 ut
287 1540 336 1595 ter
363 1531 418 1618 (cf.
440 1531 572 1596 alteram
594 1541 783 1616 conspectus
805 1532 942 1618 partem)
976 1531 1132 1618 epistulae
1159 1556 1178 1595 a
1200 1531 1326 1596 duobus

229 1638 306 1727 uiris
328 1647 437 1702 mutue
458 1639 594 1726 scriptae
615 1639 658 1704 ita
678 1639 796 1704 alterae
817 1643 856 1705 ab
881 1639 988 1704 alteris
1012 1639 1253 1721 dirimerentur,
1287 1647 1323 1703 ut

229 1740 304 1832 qu'as
326 1747 416 1834 prior
436 1747 616 1834 scripsisset
636 1747 721 1829 huic,
744 1771 821 1832 quas
844 1748 924 1812 alter
943 1748 992 1812 illi
1012 1749 1096 1814 libro
1109 1749 1326 1814 tribuerentur

227 1857 350 1922 —hoc
370 1856 453 1921 infra
474 1857 653 1943 explicabo,
675 1880 746 1922 cum
770 1880 812 1921 ex
833 1857 903 1944 ipsa
923 1857 1055 1940 ratione,
1080 1881 1141 1943 qua
1156 1858 1237 1923 haec
1259 1880 1326 1923 cor·

228 1986 309 2052 pora
332 1976 400 2030 orta
419 1973 513 2046 sunt,
546 1965 640 2030 facile
663 1965 825 2053 adpareat.
877 1964 1002 2052 Sulpici
1029 1976 1133 2031 autem
1155 1964 1328 2032 Lemoniae

228 2074 365 2160 epistula
388 2074 445 2162 (ad
468 2075 541 2139 fam.
563 2075 646 2142 1111.
669 2075 723 2161 12)
744 2084 917 2163 propterea
938 2100 957 2140 a
980 2077 1094 2142 ceteris
1112 2076 1257 2141 eiusdem
1276 2097 1326 2140 se-

229 2183 335 2248 iuncta
366 2183 530 2249 Ciceronis
563 2194 594 2249 et
621 2185 767 2250 Marcelli
793 2185 911 2249 mutuis
940 2186 1083 2272 epistulis
1114 2185 1239 2250 adiecta
1269 2194 1326 2267 est,

229 2293 315 2378 quod
334 2292 428 2357 huius
451 2294 595 2358 eiusdem
617 2293 760 2359 Marcelli
789 2305 925 2360 mortem
951 2305 1066 2360 narrat.
1117 2296 1230 2380 Itaque
1254 2318 1326 2359 curn

227 2401 316 2466 solac
337 2401 463 2466 litterae
486 2401 547 2468 Sili
572 2403 908 2489 (remansesunt,
933 2405 1018 2469 hunc
1037 2402 1163 2487 Silium,
1187 2404 1248 2468 nisi
1270 2426 1325 2469 no·
1414 2422 1420 2431 ·

227 2530 303 2574 men
325 2519 515 2596 conruptum
538 2521 594 2593 est,
618 2512 808 2577 alium'esse
828 2537 865 2579 ac
885 2512 977 2576 illurn
997 2512 1034 2577 Ρ.
1048 2513 1162 2582 Silium
1173 2511 1325 2594 Neruam,

229 2619 279 2684 cui
299 2618 383 2682 misit
395 2617 509 2684 Cicero
523 2643 597 2708 epp.
613 2621 707 2688 XHL
721 2623 856 2704 61-65,
878 2633 954 2707 puto
972 2623 1026 2710 ¹⁶).
1067 2621 1135 2690 Sed
1156 2632 1226 2686 utut
1246 2623 1329 2687 baec

228 2748 264 2792 se
287 2726 408 2793 habent
426 2761 469 2776 -
500 2731 576 2794 nolo
599 2730 737 2795 enimin
759 2732 855 2797 rebus
879 2753 960 2816 quae
981 2755 1071 2796 suam
1091 2731 1197 2797 lucem
1219 2731 1322 2795 statim

228 2841 310 2905 infra
334 2838 489 2925 accipient
509 2861 570 2904 nec
590 2841 699 2925 magni
720 2841 871 2906 momenti
899 2850 972 2905 suut
992 2842 1110 2926 longus
1135 2861 1269 2905 esse-
1291 2840 1324 2904 in

227 2950 285 3014 illa
307 2958 454 3035 quattuor
477 2972 611 3037 corpora
634 2951 789 3038 epistulae
810 2951 851 3016 ad
869 2954 942 3016 fam.
966 2950 1102 3017 discindi
1126 2973 1326 3035 nequaquam

227 3067 374 3145 possunt.
417 3057 532 3145 Neque
557 3059 640 3125 enim
660 3061 862 3146 singulorum
886 3083 1057 3148 corporum
1080 3061 1160 3125 fines
1186 3062 1219 3123 in
1240 3060 1325 3124 hunc

227 3167 358 3232 modum
379 3176 518 3234 statuere
541 3170 637 3252 licet,
657 3180 692 3234 ut
713 3194 783 3236 cum
805 3172 981 3252 librorum,
1011 3172 1119 3255 quales
1141 3191 1227 3231 nunc
1251 3176 1325 3229 sunt

228 3277 344 3342 finibus
368 3300 433 3341 uon
456 3288 647 3365 congruant,
683 3280 801 3364 quippe
826 3278 879 3363 qui
900 3281 938 3344 ab
959 3278 1048 3341 initio
1069 3277 1168 3339 fuisse
1191 3273 1321 3337 uidean-

226 3394 278 3449 tur
286 3386 337 3470 16).
380 3384 440 3454 Sili
470 3409 548 3452 uero
572 3388 692 3453 litteras
724 3408 761 3450 eo
788 3396 824 3450 ut
844 3407 959 3469 corpus
982 3382 1111 3466 aliquod
1133 3382 1217 3445 inter
1239 3380 1323 3447 tertii

226 3572 423 3584 ——ss-

298 3688 341 3759 15)
359 3687 455 3758 Neque
474 3690 516 3741 est
536 3701 586 3740 our
603 3684 681 3738 illum
699 3681 817 3737 eundem
834 3699 895 3738 esse
915 3685 1077 3750 statuamus,
1096 3699 1160 3737 cum
1176 3681 1207 3736 in
1223 3699 1267 3752 ep.
1280 3682 1324 3737 47.

229 3784 326 3840 Cicero
343 3800 522 3854 praenomen,
542 3780 617 3852 quod
631 3780 733 3851 inepp.
746 3782 852 3837 61-65
869 3780 985 3848 addidit,
1003 3778 1136 3847 omiserit,
1155 3795 1272 3849 cumque
1283 3779 1322 3833 Μ.

226 3880 318 3936 Tullio
348 3897 410 3936 oum
435 3879 497 3935 aliis
521 3878 594 3935 Siliis
618 3895 678 3932 rem
695 3877 779 3932 uuae
805 3895 867 3949 epp.
890 3878 927 3932 ad
944 3877 1031 3933 Attio.
1049 3877 1109 3935 XII.
1129 3878 1171 3933 24.
1191 3879 1217 3947 1,
1242 3877 1286 3932 26.
1305 3878 1319 3930 1

226 3976 296 4031 aliae
314 3974 440 4031 doceant.
469 3976 598 4031 Ceterum
614 3975 774 4031 chartarum
792 3975 983 4031 contusionem
997 3992 1033 4029 ne
1043 3974 1097 4030 hoc
1115 3973 1228 4045 quidem
1246 3972 1320 4041 loco,

210 4074 360 4141 ‘quantum
380 4071 471 4143 uideo,
489 4090 596 4128 sumere
613 4073 688 4129 licet.
1145 4085 1150 4092 ’

297 4166 341 4237 16)
360 4168 399 4223 cf.
419 4169 533 4241 Nepotis
549 4170 625 4226 uitae
642 4169 731 4247 Attici
748 4187 772 4226 c.
791 4172 833 4226 16.
852 4173 868 4235 ἕ
885 4171 911 4225 3.
