3038 4786
704 340 743 407 21

182 529 216 594 hi
238 536 270 593 et
290 526 352 614 ipsi
375 526 484 592 denuo
506 526 540 591 in
565 525 726 614 complura
749 540 884 613 corpora
910 516 1058 590 soluendi
1079 521 1181 593 sunt?
1225 519 1280 591 An

180 635 256 724 quid
281 637 447 717 habemus,
473 635 558 721 quod
574 638 781 722 opponamus,
805 634 832 698 si
853 633 923 717 quis
935 632 1076 698 sedecim
1089 632 1188 700 libros
1203 654 1279 723 epp.

178 745 221 812 ad
243 745 316 809 iam.
340 765 357 809 e
381 744 481 810 tribus
493 793 503 827 ,
539 752 699 828 quattuor,
733 743 874 828 quinque
905 741 1065 826 excerptis
1088 743 1279 828 compositos

179 875 252 921 csse
274 853 391 942 putat?
414 852 505 934 Quae
526 852 595 940 ipsa
616 874 657 917 ex
680 851 794 917 ordine
817 842 1022 937 epistularum
1044 850 1086 915 de
1109 872 1281 938 corporum

179 984 315 1029 numero
336 962 519 1048 finibusque
543 971 663 1027 certum
684 960 836 1026 iudicium
853 959 924 1024 fien'
937 980 1109 1047 nonposse
1125 958 1199 1024 satis
1223 960 1279 1025 do·-

181 1081 263 1152 cent,
288 1079 323 1136 ut
342 1072 401 1136 hos
427 1070 599 1136 exhaustos
620 1068 839 1154 relinquentes
867 1090 969 1133 nouos
988 1048 1090 1133 lentes
1103 1067 1204 1133 nobis
1227 1089 1278 1134 re-
1364 1095 1368 1099 ²

182 1180 314 1246 cludere
336 1179 518 1245 studeamus
544 1199 624 1266 opus
646 1176 696 1260 sit,
720 1177 833 1263 quibus
856 1177 907 1243 usi
929 1177 1003 1264 plus
1024 1177 1239 1263 proficiamus.

262 1287 370 1371 Quod,
395 1287 531 1353 nisime
555 1287 662 1352 omnia
684 1287 807 1368 fallunt,
831 1286 924 1351 nobis
948 1284 1120 1372 continget,
1143 1278 1276 1370 siquae

177 1395 331 1482 cuiusque
354 1395 428 1462 libri
448 1395 511 1459 sint
530 1405 720 1481 argumenta
749 1393 862 1481 paullo
889 1394 1063 1460 accuratius
1093 1394 1275 1461 considera·

176 1503 333 1570 uerimus.

263 1611 361 1677 Primi
384 1611 469 1676 enim
491 1611 663 1676 duodecim
683 1610 756 1678 libri
779 1610 917 1676 cuiusuis
940 1611 1070 1695 generis
1089 1619 1182 1696 atque
1203 1631 1275 1699 spe·

176 1719 237 1788 clei
257 1720 409 1805 epistulas
434 1720 610 1802 continent,
633 1738 705 1786 cura
724 1727 898 1785 tractentur
917 1741 970 1784 res
994 1720 1142 1807 politicae
1164 1727 1196 1783 et
1216 1719 1274 1784 do·

177 1831 340 1912 metticae,
364 1851 436 1895 cum
455 1828 553 1893 insint
575 1828 856 1895 commendaticiae
882 1839 913 1894 et
934 1848 1015 1916 qnae
1038 1828 1079 1893 ad
1098 1829 1275 1895 litterarum

174 1937 322 2005 scientias
344 1946 498 2024 spectent,
521 1937 612 2003 aliae.
654 1937 790 2004 Prorsus
812 1937 909 2004 alium
934 1936 969 2004 in
989 1937 1121 2004 modum
1145 1951 1291 2025 compo·'

174 2047 254 2113 situs
278 2055 327 2112 est
828 2047 833 2061 '

257 2154 340 2221 hber
359 2155 471 2220 tertius
495 2154 649 2237 decimus,
666 2154 705 2218 ¹in
726 2175 788 2241 quo
810 2153 891 2219 nihil
911 2154 1018 2220 inesse
1037 2155 1099 2221 nisi
1121 2176 1276 2242 magnum

177 2264 513 2331 commendaticiamm
539 2262 748 2350 epistularum
769 2284 939 2329 numerum
966 2262 1028 2329 iam
1059 2285 1158 2352 supra
1180 2260 1274 2330 intel·

174 2371 361 2453 lemnum
1174 2384 1179 2399 “

247 2489 382 2567 Δ(Ῑιιειήιιε
410 2478 554 2547 decimus
574 2489 659 2546 totus
685 2480 725 2546 ad
747 2479 930 2544 Terentiam
955 2480 1069 2546 missus
1092 2490 1158 2564 est,
1180 2481 1269 2549 uado

171 2588 265 2656 heile
279 2589 439 2658 ‘iudicium
463 2589 504 2654 de
526 2589 723 2676 argumentis
742 2587 814 2652 fieri
836 2597 957 2675 potest3

256 2697 382 2785 quintus
406 2696 548 2763 decimus
572 2707 679 2763 autem
694 2697 777 2762 liber
797 2699 894 2782 piane
917 2694 1060 2761 eiusdem
1074 2695 1198 2763 habitus
1218 2719 1266 2765 ra·

171 2804 331 2891 tionisque
355 2815 412 2888 est,
435 2830 472 2872 ao
493 2807 589 2894 primi
610 2805 657 2871 illi
679 2805 867 2885 duodecim3
888 2814 984 2870 restat
1004 2804 1104 2890 igitur

256 2923 365 2980 sextus
389 2914 530 2980 decimus
553 2936 664 2979 rursus
687 2913 727 2978 ad
748 2936 848 2978 unum
868 2912 1021 2978 Tironem
1041 2914 1188 3002 scriptus.

259 3020 349 3103 Quae
374 3045 444 3089 cum
461 3023 503 3088 ite
517 3022 580 3088 sint
592 3022 693 3087 libros
705 3020 926 3090 XIH-XVI.
948 3044 1151 3111 nequaqnam
1172 3021 1271 3090 licere

172 3152 234 3219 pro
258 3153 321 3199 uno
344 3131 524 3218 eodemque
546 3140 700 3218 excerpto
723 3131 845 3196 habere
865 3130 957 3197 facile
977 3132 1208 3220 perspicimus,
1243 3133 1272 3198 si

171 3239 300 3305 tertium
333 3241 492 3309 decimum
531 3263 601 3305 cum
634 3239 716 3304 libro
747 3239 854 3324 quinto
884 3239 1008 3305 decimo
1041 3263 1278 3329 comparamus.-

170 3344 232 3413 Ille
255 3348 339 3413 enim
349 3396 359 3430 ,
396 3348 450 3434 qui
469 3371 565 3413 unam
587 3357 619 3413 et
640 3349 802 3434 octoginta
822 3348 1100 3415 commendaticias
1120 3350 1271 3437 epistulas

169 3474 277 3543 neque
298 3457 398 3523 ullam
417 3457 554 3544 amplius
577 3457 796 3545 complectitur
828 3492 868 3506 -
903 3478 1011 3522 nonno
1040 3480 1135 3524 saum
1158 3463 1271 3528 orbem

168 3588 231 3654 per
253 3565 429 3634 sehabet?
474 3565 562 3647 Quid
584 3567 659 3632 huic
682 3589 752 3633 cum
775 3565 887 3632 ceteris
900 3566 990 3633 libris
1007 3590 1173 3634 commune
1196 3568 1270 3635 est?

169 3672 268 3744 Solus
295 3676 439 3763 proiecto
471 3675 514 3741 ita
538 3675 730 3764 compositus
760 3683 825 3758 est,
859 3685 894 3741 ut
925 3698 1142 3762 quaecumque
1174 3679 1272 3745 insint

169 3781 326 3870 epistulae
360 3783 464 3850 simile
499 3793 723 3870 argumentum
754 3793 897 3850 tractent.
937 3784 1034 3851 Vnde
1055 3808 1178 3850 summo
1199 3785 1270 3853 iure

166 3891 262 3959 huius
284 3892 359 3960 libri
382 3892 534 3983 epistulas
556 3915 627 3960 cum
651 3892 697 3959 eis
723 3915 804 3978 quae
824 3904 974 3962 secuntur
990 3896 1104 3962 eodem
1122 3906 1269 3985 tempore

167 3999 201 4065 in
224 4000 312 4067 idem
336 4023 451 4087 corpus
482 4012 626 4089 receptas
654 4024 721 4068 non
751 4025 822 4070 esse
853 4005 1020 4092 conligere
1043 4007 1125 4073 licet
1178 4007 1267 4089 Quid

169 4107 279 4175 enim?
315 4110 341 4175 si
359 4110 417 4197 qni
448 4110 547 4179 libros
578 4111 650 4177 illos
672 4113 884 4199 primigenios
907 4116 1068 4204 excerpsit
1095 4117 1199 4185 nullas
1233 4121 1266 4187 in

166 4217 274 4284 animo
304 4220 468 4289 habuisset
491 4220 617 4308 eligere
640 4221 790 4309 epistulas
823 4223 883 4290 nisi
912 4227 1190 4296 commendaticias
1222 4270 1265 4285 -
