3038 4786
770 326 813 392 24

239 528 373 574 neamus.
427 503 628 590 Quamquam
651 505 736 571 enim
760 506 835 594 plus
864 516 989 575 sanim
1015 508 1244 596 qninquaginta
1263 509 1346 579 loeis

241 614 436 700 abantiquis
458 613 669 702 scriptoribus
699 613 755 681 uel
781 612 947 683 Ciceronis
977 616 1132 704 epistulae
1160 617 1196 683 in
1214 617 1343 687 unisse

240 745 310 791 sum
332 730 623 819 commemoremus
643 722 700 789 uel
722 723 922 809 singularum
944 728 1045 793 uerba
1065 727 1269 810 adferuntur,
1298 735 1343 795 ts·

240 853 315 901 men
337 832 370 899 hi
389 831 452 899 loci
474 831 518 899 iu
538 831 713 916 comparati
735 841 826 915 sunt,
857 834 1028 901 abeodem
1051 834 1122 899 iure
1150 856 1169 901 e
1187 834 1341 925 psimige

239 939 300 1007 niis
321 940 385 1007 illis
408 941 498 1007 libris
520 964 585 1027 qua
615 963 659 1007 ex
681 942 845 1029 eseerptis
867 963 921 1008 eas
950 952 1095 1029 sumptos
1121 965 1194 1011 esse
1213 953 1340 1010 nausea.

238 1051 349 1136 Itaque
371 1056 437 1116 tres
458 1058 579 1117 tantum
600 1059 683 1132 sunt,
710 1051 799 1116 unde
818 1051 938 1137 aliquid
950 1052 1118 1135 discamus,
1140 1052 1342 1139 quospaulln

238 1159 411 1226 aeeuratius
432 1168 568 1227 natare
592 1159 764 1226 debemusa

326 1268 361 1355 1)
385 1267 516 1335 Gellius
536 1268 561 1333 1.
584 1268 635 1335 22.
659 1269 715 1334 19:
746 1268 807 1350 ,Ita
838 1268 922 1334 enim
952 1271 1104 1356 seriptum
1132 1269 1236 1337 estin
1255 1271 1342 1337 libre

241 1376 448 1464 epistularum
470 1377 692 1444 Maliieeronis
715 1377 756 1443 ad
779 1376 817 1443 Ia
832 1375 985 1445 Plancum
1009 1386 1041 1443 et
1059 1379 1094 1442 in
1116 1379 1253 1464 epistula
1268 1378 1341 1467 (Μ.)

240 1484 334 1552 Asini
351 1484 510 1552 Pollionis
539 1485 580 1551 ad
612 1485 803 1553 Ciceronem
824 1487 934 1552 uerbis
955 1486 1025 1551 nisa
1053 1485 1135 1552 Nam
1157 1508 1264 1574 neque
1285 1488 1340 1554 de·

241 1615 313 1661 esse
333 1593 381 1660 rei
403 1594 552 1681 publicae
580 1593 656 1660 uolo
685 1592 793 1681 nequa
823 1599 1018 1682 superesse!
1068 1593 1194 1676 Quibus
1229 1597 1341 1665 uesbis

239 1701 384 1790 respexit
404 1701 530 1769 Gellius
552 1703 594 1767 ad
613 1702 721 1770 laeum
745 1724 819 1790 app.
843 1703 883 1767 ad
905 1701 1092 1769 faunhunc:
1114 1702 1210 1785 ,Nam
1233 1724 1342 1790 neque

242 1813 357 1879 deesse
376 1833 483 1896 neque
503 1832 674 1898 superesse
693 1811 742 1877 rei
770 1810 920 1899 publicae
939 1811 1037 1893 uolo‘,
1061 1834 1142 1897 quae
1156 1811 1280 1879 litterae
1300 1835 1338 1881 re

212 1942 319 1987 'uera
345 1921 384 1986 ab
413 1919 527 1987 Asinio
550 1919 684 2007 Polione
714 1919 756 1985 ad
776 1918 969 1986 Ciceronem
992 1919 1129 2004 scriptae
1160 1929 1257 2006 atque
1283 1922 1339 1987 de-

241 2029 323 2097 einno
344 2051 456 2094 eorum
466 2077 477 2111 ,
511 2029 565 2115 qui
587 2028 627 2094 ad
648 2049 707 2093 nos
729 2038 948 2116 pameneruut
969 2028 1126 2096 librarum
1151 2029 1209 2115 (X.
1230 2029 1281 2097 33.
1303 2029 1338 2116 3)

240 2140 381 2205 insertae
398 2146 483 2205 sunt.
510 2137 594 2205 (bum
615 2146 721 2205 autem
737 2136 792 2203 hia
814 2138 884 2224 ipsa
905 2138 990 2205 liber
1010 2139 1135 2205 initium
1150 2148 1278 2226 caperet
1298 2140 1339 2205 ab

243 2246 397 2336 epistulis,
422 2268 499 2331 quas
521 2244 636 2312 Cicero
658 2244 778 2311 Planco
802 2246 949 2328 misisset,
973 2269 1105 2331 prorsus
1133 2269 1175 2313 ex
1196 2249 1338 2334 antiquo·

241 2378 313 2421 rum
334 2376 426 2421 mere
449 2353 590 2421 decimus
615 2374 687 2440 epp.
710 2353 751 2418 ad
774 2353 847 2418 fam.
866 2353 949 2420 liber
966 2357 1067 2423 dietus
1087 2366 1136 2423 est
1155 2356 1251 2439 ,liber
1273 2355 1338 2443 epi·

242 2465 396 2529 stularum
406 2461 574 2551 Ciceronis
594 2462 635 2528 ad
646 2460 800 2527 Plancum
811 2461 877 2550 ⁴⁰)‘.
903 2461 1046 2530 Gellium
1061 2463 1159 2549 igitur
1184 2473 1216 2531 et
1234 2465 1338 2552 ipsum

241 2571 312 2637 illas
333 2570 476 2637 Polionis
497 2570 616 2639 litteras
637 2569 671 2635 in
696 2591 734 2634 ao
754 2570 838 2639 libro
860 2571 1023 2638 inuenisse
1043 2571 1200 2653 uidemus,
1225 2573 1279 2657 qui
1301 2573 1342 2637 ab

243 2680 386 2767 epistulis
418 2679 460 2765 ad
480 2677 632 2746 Plancum
663 2679 789 2765 seriptis
816 2679 939 2747 initium
962 2681 1053 2768 capit.
1104 2679 1209 2745 Huius
1236 2688 1342 2744 autem

241 2789 316 2857 libri
340 2797 429 2854 sunta

591 2897 758 2964 Oieeranis
778 2899 819 2963 ad
841 2897 996 2961 Plancum
1019 2904 1050 2960 et

589 3013 699 3081 Planci
722 3015 763 3080 ad
784 3013 987 3091 Cieeronem,

369 3173 386 3208 „
406 3126 449 3191 25
462 3135 493 3190 et
503 3125 544 3193 26
588 3124 752 3194 Ciceronis
775 3126 815 3190 ad
835 3122 1001 3205 Furnium,

368 3280 385 3314 „
406 3233 446 3297 27
646 3280 663 3315 „
790 3230 1005 3319 ,Lepidum,

295 3382 298 3393 ι
369 3390 386 3425 „
406 3343 447 3409 28
647 3391 663 3425 ,
790 3338 1037 3426 ,Trebonius
1081 3406 1085 3413 ,
1115 3378 1118 3384 f

368 3501 385 3536 ,‚
406 3453 448 3520 29
557 3496 560 3501 -
648 3500 664 3537 „
792 3503 809 3537 ,
831 3454 918 3539 App.
944 3450 1114 3517 Claudium
1138 3448 1221 3531 mni,
1340 3472 1344 3478 ’

368 3563 450 3645 ,30
586 3562 713 3630 Galbae
792 3560 1034 3643 ,Ciceronesn

263 3686 266 3692 '
344 3668 548 3756 ,bl-33
589 3670 733 3736 Polionis
795 3716 811 3749 „
924 3714 940 3751 ‚,

367 3779 551 3863 ,34et35
592 3776 708 3862 Lepidi
794 3822 809 3857 ,
925 3820 941 3856 ,

243 3940 440 3953 ffl-

336 2966 409 3035 epp.
430 2944 550 3011 1-24

313 4024 359 4095 40)
377 4022 475 4092 Itaque
494 4022 539 4091 ,et‘
557 4019 714 4093 particula,
733 4034 805 4090 quaa
825 4014 959 4088 seqnitur,
978 4032 1012 4072 aa
1029 4028 1099 4087 qnae
1118 4014 1260 4086 explicant
1278 4029 1342 4070 euna

244 4121 285 4177 eis
302 4135 372 4191 quea
392 4117 567 4190 explicantur
586 4116 744 4190 wnimgb,
758 4114 850 4187 ¹qussi
864 4112 1027 4187 saepissime
1044 4111 1107 4169 nort
1130 4126 1211 4167 namo
1235 4108 1345 4179 estqui

242 4218 364 4287 ignoret.
