<?xml version="1.0" encoding="UTF-8"?>
<!DOCTYPE html PUBLIC "-//W3C//DTD XHTML 1.0 Transitional//EN"
    "http://www.w3.org/TR/xhtml1/DTD/xhtml1-transitional.dtd">
<html xmlns="http://www.w3.org/1999/xhtml" xml:lang="en" lang="en">
 <head>
  <title>
</title>
<meta http-equiv="Content-Type" content="text/html;charset=utf-8" />
  <meta name='ocr-system' content='tesseract 3.04.00' />
  <meta name='ocr-capabilities' content='ocr_page ocr_carea ocr_par ocr_line ocrx_word'/>
</head>
<body>
  <div class='ocr_page' id='page_1' title='image "./historiacritica01nakegoog_0012.png"; bbox 0 0 3038 4786; ppageno 0'>
   <div class='ocr_carea' id='block_1_1' title="bbox 699 298 799 400">
    <p class='ocr_par' dir='ltr' id='par_1_1' title="bbox 699 298 799 400">
     <span class='ocr_line' id='line_1_1' title="bbox 699 298 799 400; baseline 0 -98"><span class='ocrx_word' id='word_1_1' title='bbox 699 298 799 400; x_wconf 6' lang='lat'><strong>3⁴&gt;</strong></span> 
     </span>
    </p>
   </div>
   <div class='ocr_carea' id='block_1_2' title="bbox 161 493 1336 1230">
    <p class='ocr_par' dir='ltr' id='par_1_2' title="bbox 161 493 1336 592">
     <span class='ocr_line' id='line_1_2' title="bbox 161 493 1336 592; baseline -0.011 -22"><span class='ocrx_word' id='word_1_2' title='bbox 161 504 242 571; x_wconf 91' lang='lat' dir='ltr'><strong>Iulio</strong></span> <span class='ocrx_word' id='word_1_3' title='bbox 264 500 395 569; x_wconf 80' lang='lat' dir='ltr'><strong>Caesari</strong></span> <span class='ocrx_word' id='word_1_4' title='bbox 556 508 587 563; x_wconf 89' lang='lat' dir='ltr'><strong>et</strong></span> <span class='ocrx_word' id='word_1_5' title='bbox 608 497 723 564; x_wconf 71' lang='lat' dir='ltr'><strong>vlle</strong></span> <span class='ocrx_word' id='word_1_6' title='bbox 940 503 973 559; x_wconf 87' lang='lat' dir='ltr'><strong>et</strong></span> <span class='ocrx_word' id='word_1_7' title='bbox 991 493 1081 559; x_wconf 88' lang='lat' dir='ltr'><strong>XIII.</strong></span> <span class='ocrx_word' id='word_1_8' title='bbox 1106 496 1146 560; x_wconf 81' lang='lat'><strong>15</strong></span> <span class='ocrx_word' id='word_1_9' title='bbox 1162 504 1194 558; x_wconf 90' lang='lat' dir='ltr'><strong>et</strong></span> <span class='ocrx_word' id='word_1_10' title='bbox 1204 494 1252 559; x_wconf 88' lang='grc'><strong>16.</strong></span> <span class='ocrx_word' id='word_1_11' title='bbox 1334 586 1336 592; x_wconf 15' lang='lat' dir='ltr'><em>A</em></span> 
     </span>
    </p>

    <p class='ocr_par' dir='ltr' id='par_1_3' title="bbox 163 603 1239 690">
     <span class='ocr_line' id='line_1_3' title="bbox 163 603 1239 690; baseline -0.01 -11"><span class='ocrx_word' id='word_1_12' title='bbox 163 611 302 680; x_wconf 73' lang='lat' dir='ltr'><strong>Minucio</strong></span> <span class='ocrx_word' id='word_1_13' title='bbox 322 609 463 674; x_wconf 83' lang='lat' dir='ltr'><strong>Thermo</strong></span> <span class='ocrx_word' id='word_1_14' title='bbox 579 655 595 690; x_wconf 88' lang='lat'>„</span> <span class='ocrx_word' id='word_1_15' title='bbox 644 607 749 673; x_wconf 83' lang='lat'>11.18</span> <span class='ocrx_word' id='word_1_16' title='bbox 946 651 962 684; x_wconf 90' lang='lat'>„</span> <span class='ocrx_word' id='word_1_17' title='bbox 995 603 1083 668; x_wconf 88' lang='lat' dir='ltr'><strong>XIII.</strong></span> <span class='ocrx_word' id='word_1_18' title='bbox 1104 604 1239 670; x_wconf 72' lang='grc'><strong>53-57,</strong></span> 
     </span>
    </p>

    <p class='ocr_par' dir='ltr' id='par_1_4' title="bbox 162 710 1198 808">
     <span class='ocr_line' id='line_1_4' title="bbox 162 710 1198 808; baseline -0.008 -23"><span class='ocrx_word' id='word_1_19' title='bbox 162 719 299 786; x_wconf 80' lang='lat' dir='ltr'><strong>Munatio</strong></span> <span class='ocrx_word' id='word_1_20' title='bbox 321 717 442 783; x_wconf 78' lang='lat' dir='ltr'><strong>Planco</strong></span> <span class='ocrx_word' id='word_1_21' title='bbox 576 763 597 808; x_wconf 22' lang='lat' dir='ltr'><strong>x,</strong></span> <span class='ocrx_word' id='word_1_22' title='bbox 617 732 624 747; x_wconf 82' lang='lat'>&#39;</span> <span class='ocrx_word' id='word_1_23' title='bbox 646 715 688 779; x_wconf 89' lang='lat' dir='ltr'><strong>X.</strong></span> <span class='ocrx_word' id='word_1_24' title='bbox 710 712 813 778; x_wconf 84' lang='lat'>1-24</span> <span class='ocrx_word' id='word_1_25' title='bbox 945 758 961 793; x_wconf 84' lang='lat'><strong>,‚</strong></span> <span class='ocrx_word' id='word_1_26' title='bbox 995 710 1085 775; x_wconf 89' lang='lat' dir='ltr'><strong>XIII.</strong></span> <span class='ocrx_word' id='word_1_27' title='bbox 1108 712 1198 798; x_wconf 78' lang='lat'>29⁸).</span> 
     </span>
    </p>

    <p class='ocr_par' dir='ltr' id='par_1_5' title="bbox 163 819 1260 915">
     <span class='ocr_line' id='line_1_5' title="bbox 163 819 1260 915; baseline -0.009 -21"><span class='ocrx_word' id='word_1_28' title='bbox 163 826 306 915; x_wconf 84' lang='lat' dir='ltr'><strong>Sulpioio</strong></span> <span class='ocrx_word' id='word_1_29' title='bbox 329 825 502 892; x_wconf 86' lang='lat' dir='ltr'><strong>Lemoniao</strong></span> <span class='ocrx_word' id='word_1_30' title='bbox 577 819 960 906; x_wconf 73' lang='lat' dir='ltr'><strong>,1111.1-4et6⁹),</strong></span> <span class='ocrx_word' id='word_1_31' title='bbox 994 820 1083 885; x_wconf 87' lang='lat' dir='ltr'><strong>XIII.</strong></span> <span class='ocrx_word' id='word_1_32' title='bbox 1110 822 1260 890; x_wconf 70' lang='lat' dir='ltr'><strong>17-2u.</strong></span> 
     </span>
    </p>

    <p class='ocr_par' dir='ltr' id='par_1_6' title="bbox 164 928 1256 1126">
     <span class='ocr_line' id='line_1_6' title="bbox 164 928 1256 1015; baseline -0.006 -14"><span class='ocrx_word' id='word_1_33' title='bbox 164 934 326 1003; x_wconf 80' lang='lat' dir='ltr'><strong>Trebonio</strong></span> <span class='ocrx_word' id='word_1_34' title='bbox 583 979 599 1015; x_wconf 89' lang='lat'>„</span> <span class='ocrx_word' id='word_1_35' title='bbox 649 931 691 996; x_wconf 79' lang='lat' dir='ltr'><strong>X.</strong></span> <span class='ocrx_word' id='word_1_36' title='bbox 713 931 754 995; x_wconf 82' lang='lat'><strong>28</strong></span> <span class='ocrx_word' id='word_1_37' title='bbox 946 978 963 1013; x_wconf 85' lang='lat'>„</span> <span class='ocrx_word' id='word_1_38' title='bbox 1011 928 1084 996; x_wconf 85' lang='lat' dir='ltr'><strong>XV.</strong></span> <span class='ocrx_word' id='word_1_39' title='bbox 1106 931 1148 995; x_wconf 73' lang='lat'><strong>20</strong></span> <span class='ocrx_word' id='word_1_40' title='bbox 1165 931 1256 995; x_wconf 71' lang='lat' dir='ltr'><strong>erm.</strong></span> 
     </span>
     <span class='ocr_line' id='line_1_7' title="bbox 248 1021 922 1126; baseline -0.007 -18"><span class='ocrx_word' id='word_1_41' title='bbox 248 1021 372 1125; x_wconf 84' lang='lat' dir='ltr'><strong>Quibus</strong></span> <span class='ocrx_word' id='word_1_42' title='bbox 392 1045 528 1108; x_wconf 76' lang='lat' dir='ltr'><strong>fortasse</strong></span> <span class='ocrx_word' id='word_1_43' title='bbox 541 1040 583 1126; x_wconf 80' lang='grc' dir='ltr'><strong>1ο)</strong></span> <span class='ocrx_word' id='word_1_44' title='bbox 605 1040 727 1105; x_wconf 77' lang='lat' dir='ltr'><strong>addere</strong></span> <span class='ocrx_word' id='word_1_45' title='bbox 750 1039 922 1104; x_wconf 87' lang='lat' dir='ltr'><strong>debemus:</strong></span> 
     </span>
    </p>

    <p class='ocr_par' dir='ltr' id='par_1_7' title="bbox 165 1146 1256 1230">
     <span class='ocr_line' id='line_1_8' title="bbox 165 1146 1256 1230; baseline -0.005 -12"><span class='ocrx_word' id='word_1_46' title='bbox 165 1153 248 1219; x_wconf 67' lang='lat' dir='ltr'><strong>Tito</strong></span> <span class='ocrx_word' id='word_1_47' title='bbox 570 1157 602 1213; x_wconf 87' lang='lat' dir='ltr'><strong>ot</strong></span> <span class='ocrx_word' id='word_1_48' title='bbox 649 1147 689 1212; x_wconf 85' lang='lat' dir='ltr'><strong>V.</strong></span> <span class='ocrx_word' id='word_1_49' title='bbox 714 1149 756 1213; x_wconf 86' lang='grc'><strong>16</strong></span> <span class='ocrx_word' id='word_1_50' title='bbox 949 1146 1256 1230; x_wconf 61' lang='lat' dir='ltr'><strong>,Xssloeautuu</strong></span> 
     </span>
    </p>
   </div>
   <div class='ocr_carea' id='block_1_3' title="bbox 166 1243 1259 1687">
    <p class='ocr_par' dir='ltr' id='par_1_8' title="bbox 166 1243 1259 1687">
     <span class='ocr_line' id='line_1_9' title="bbox 251 1243 1259 1361; baseline -0.007 -18"><span class='ocrx_word' id='word_1_51' title='bbox 251 1276 317 1343; x_wconf 85' lang='lat' dir='ltr'><strong>Vix</strong></span> <span class='ocrx_word' id='word_1_52' title='bbox 340 1243 417 1361; x_wconf 81' lang='lat' dir='ltr'><strong>puto</strong></span> <span class='ocrx_word' id='word_1_53' title='bbox 441 1274 521 1356; x_wconf 86' lang='lat' dir='ltr'><strong>fore,</strong></span> <span class='ocrx_word' id='word_1_54' title='bbox 544 1274 597 1359; x_wconf 92' lang='lat' dir='ltr'><strong>qui</strong></span> <span class='ocrx_word' id='word_1_55' title='bbox 619 1275 704 1338; x_wconf 87' lang='lat' dir='ltr'><strong>hune</strong></span> <span class='ocrx_word' id='word_1_56' title='bbox 725 1282 927 1359; x_wconf 87' lang='lat' dir='ltr'><strong>eonspeotum</strong></span> <span class='ocrx_word' id='word_1_57' title='bbox 957 1272 1085 1337; x_wconf 78' lang='lat' dir='ltr'><strong>intuitus</strong></span> <span class='ocrx_word' id='word_1_58' title='bbox 1105 1295 1170 1337; x_wconf 92' lang='lat' dir='ltr'><strong>non</strong></span> <span class='ocrx_word' id='word_1_59' title='bbox 1194 1272 1259 1337; x_wconf 89' lang='lat' dir='ltr'><strong>ani-</strong></span> 
     </span>
     <span class='ocr_line' id='line_1_10' title="bbox 166 1380 1258 1467; baseline -0.004 -17"><span class='ocrx_word' id='word_1_60' title='bbox 166 1386 361 1464; x_wconf 85' lang='lat' dir='ltr'><strong>maduertat,</strong></span> <span class='ocrx_word' id='word_1_61' title='bbox 383 1382 514 1448; x_wconf 89' lang='lat' dir='ltr'><strong>alteram</strong></span> <span class='ocrx_word' id='word_1_62' title='bbox 537 1402 693 1467; x_wconf 87' lang='lat' dir='ltr'><strong>quamque</strong></span> <span class='ocrx_word' id='word_1_63' title='bbox 716 1389 836 1467; x_wconf 85' lang='lat' dir='ltr'><strong>partem</strong></span> <span class='ocrx_word' id='word_1_64' title='bbox 862 1380 1082 1466; x_wconf 81' lang='lat' dir='ltr'><strong>epistularum,</strong></span> <span class='ocrx_word' id='word_1_65' title='bbox 1105 1402 1184 1466; x_wconf 88' lang='lat' dir='ltr'><strong>quae</strong></span> <span class='ocrx_word' id='word_1_66' title='bbox 1217 1383 1258 1446; x_wconf 88' lang='lat' dir='ltr'><strong>ad</strong></span> 
     </span>
     <span class='ocr_line' id='line_1_11' title="bbox 167 1489 1257 1576; baseline -0.003 -17"><span class='ocrx_word' id='word_1_67' title='bbox 167 1494 304 1561; x_wconf 86' lang='lat' dir='ltr'><strong>eundem</strong></span> <span class='ocrx_word' id='word_1_68' title='bbox 324 1501 406 1574; x_wconf 88' lang='lat' dir='ltr'><strong>sunt,</strong></span> <span class='ocrx_word' id='word_1_69' title='bbox 430 1490 566 1557; x_wconf 85' lang='lat' dir='ltr'><strong>inueniri</strong></span> <span class='ocrx_word' id='word_1_70' title='bbox 590 1490 623 1554; x_wconf 92' lang='lat' dir='ltr'><strong>in</strong></span> <span class='ocrx_word' id='word_1_71' title='bbox 645 1490 729 1556; x_wconf 92' lang='lat' dir='ltr'><strong>libro</strong></span> <span class='ocrx_word' id='word_1_72' title='bbox 752 1501 804 1555; x_wconf 90' lang='lat' dir='ltr'><strong>aut</strong></span> <span class='ocrx_word' id='word_1_73' title='bbox 817 1489 910 1555; x_wconf 86' lang='lat' dir='ltr'><strong>tertio</strong></span> <span class='ocrx_word' id='word_1_74' title='bbox 929 1490 1054 1555; x_wconf 84' lang='lat' dir='ltr'><strong>decimo</strong></span> <span class='ocrx_word' id='word_1_75' title='bbox 1076 1500 1131 1555; x_wconf 84' lang='lat' dir='ltr'><strong>aut</strong></span> <span class='ocrx_word' id='word_1_76' title='bbox 1150 1491 1257 1576; x_wconf 90' lang='lat' dir='ltr'><strong>quinto</strong></span> 
     </span>
     <span class='ocr_line' id='line_1_12' title="bbox 166 1597 1062 1687; baseline -0.004 -18"><span class='ocrx_word' id='word_1_77' title='bbox 166 1602 299 1684; x_wconf 84' lang='lat' dir='ltr'><strong>deuimo,</strong></span> <span class='ocrx_word' id='word_1_78' title='bbox 323 1601 462 1687; x_wconf 86' lang='lat' dir='ltr'><strong>priorem</strong></span> <span class='ocrx_word' id='word_1_79' title='bbox 485 1608 590 1664; x_wconf 90' lang='lat' dir='ltr'><strong>autem</strong></span> <span class='ocrx_word' id='word_1_80' title='bbox 613 1619 685 1664; x_wconf 87' lang='lat' dir='ltr'><strong>esse</strong></span> <span class='ocrx_word' id='word_1_81' title='bbox 706 1599 863 1664; x_wconf 83' lang='lat' dir='ltr'><strong>librorum</strong></span> <span class='ocrx_word' id='word_1_82' title='bbox 883 1597 1019 1665; x_wconf 80' lang='grc' dir='ltr'><strong>Ι--ΧΠΙ</strong></span> <span class='ocrx_word' id='word_1_83' title='bbox 1060 1644 1062 1647; x_wconf 94' lang='grc'>-</span> 
     </span>
    </p>
   </div>
   <div class='ocr_carea' id='block_1_4' title="bbox 116 1724 1268 3331">
    <p class='ocr_par' dir='ltr' id='par_1_9' title="bbox 116 1724 1268 3331">
     <span class='ocr_line' id='line_1_13' title="bbox 251 1724 1258 1812; baseline 0.001 -21"><span class='ocrx_word' id='word_1_84' title='bbox 251 1727 318 1792; x_wconf 89' lang='lat' dir='ltr'><strong>Iam</strong></span> <span class='ocrx_word' id='word_1_85' title='bbox 337 1725 516 1812; x_wconf 86' lang='lat' dir='ltr'><strong>quaeritur,</strong></span> <span class='ocrx_word' id='word_1_86' title='bbox 536 1726 625 1790; x_wconf 90' lang='lat' dir='ltr'><strong>unde</strong></span> <span class='ocrx_word' id='word_1_87' title='bbox 645 1727 759 1790; x_wconf 83' lang='lat' dir='ltr'><strong>factum</strong></span> <span class='ocrx_word' id='word_1_88' title='bbox 782 1725 839 1807; x_wconf 90' lang='lat' dir='ltr'><strong>sit,</strong></span> <span class='ocrx_word' id='word_1_89' title='bbox 872 1734 906 1789; x_wconf 90' lang='lat' dir='ltr'><strong>ut</strong></span> <span class='ocrx_word' id='word_1_90' title='bbox 926 1724 953 1789; x_wconf 90' lang='lat' dir='ltr'><strong>is</strong></span> <span class='ocrx_word' id='word_1_91' title='bbox 981 1726 1035 1811; x_wconf 94' lang='lat' dir='ltr'><strong>qui</strong></span> <span class='ocrx_word' id='word_1_92' title='bbox 1055 1728 1175 1812; x_wconf 88' lang='lat' dir='ltr'><strong>primus</strong></span> <span class='ocrx_word' id='word_1_93' title='bbox 1196 1727 1258 1794; x_wconf 88' lang='lat' dir='ltr'><strong>hoo</strong></span> 
     </span>
     <span class='ocr_line' id='line_1_14' title="bbox 170 1832 1257 1922; baseline -0.001 -20"><span class='ocrx_word' id='word_1_94' title='bbox 170 1857 283 1922; x_wconf 85' lang='lat' dir='ltr'><strong>eorpus</strong></span> <span class='ocrx_word' id='word_1_95' title='bbox 304 1834 447 1920; x_wconf 78' lang='lat' dir='ltr'><strong>conlegit</strong></span> <span class='ocrx_word' id='word_1_96' title='bbox 473 1835 506 1897; x_wconf 90' lang='lat' dir='ltr'><strong>in</strong></span> <span class='ocrx_word' id='word_1_97' title='bbox 535 1832 740 1921; x_wconf 83' lang='lat' dir='ltr'><strong>disponendis</strong></span> <span class='ocrx_word' id='word_1_98' title='bbox 763 1835 906 1921; x_wconf 88' lang='lat' dir='ltr'><strong>epistulis</strong></span> <span class='ocrx_word' id='word_1_99' title='bbox 937 1837 974 1899; x_wconf 89' lang='lat' dir='ltr'><strong>ab</strong></span> <span class='ocrx_word' id='word_1_100' title='bbox 997 1834 1052 1899; x_wconf 91' lang='lat' dir='ltr'><strong>illa</strong></span> <span class='ocrx_word' id='word_1_101' title='bbox 1072 1837 1186 1920; x_wconf 84' lang='lat' dir='ltr'><strong>regula</strong></span> <span class='ocrx_word' id='word_1_102' title='bbox 1208 1858 1257 1901; x_wconf 86' lang='lat' dir='ltr'><strong>ro·</strong></span> 
     </span>
     <span class='ocr_line' id='line_1_15' title="bbox 171 1940 1257 2028; baseline 0 -19"><span class='ocrx_word' id='word_1_103' title='bbox 171 1942 310 2026; x_wconf 87' lang='lat' dir='ltr'><strong>eederet,</strong></span> <span class='ocrx_word' id='word_1_104' title='bbox 333 1962 425 2028; x_wconf 85' lang='lat' dir='ltr'><strong>quam</strong></span> <span class='ocrx_word' id='word_1_105' title='bbox 448 1940 508 2006; x_wconf 88' lang='lat' dir='ltr'><strong>sibi</strong></span> <span class='ocrx_word' id='word_1_106' title='bbox 522 1941 591 2028; x_wconf 89' lang='lat' dir='ltr'><strong>ipse</strong></span> <span class='ocrx_word' id='word_1_107' title='bbox 610 1940 793 2006; x_wconf 87' lang='lat' dir='ltr'><strong>instituisset</strong></span> <span class='ocrx_word' id='word_1_108' title='bbox 804 1940 935 2027; x_wconf 90' lang='lat' dir='ltr'><strong>aliisque</strong></span> <span class='ocrx_word' id='word_1_109' title='bbox 950 1943 1159 2027; x_wconf 85' lang='lat' dir='ltr'><strong>praetulisset.</strong></span> <span class='ocrx_word' id='word_1_110' title='bbox 1184 1943 1257 2011; x_wconf 88' lang='lat' dir='ltr'><strong>Plus</strong></span> 
     </span>
     <span class='ocr_line' id='line_1_16' title="bbox 171 2038 1263 2139; baseline -0.001 -21"><span class='ocrx_word' id='word_1_111' title='bbox 171 2050 418 2139; x_wconf 83' lang='lat' dir='ltr'><strong>quadringentas</strong></span> <span class='ocrx_word' id='word_1_112' title='bbox 442 2050 725 2136; x_wconf 85' lang='lat' dir='ltr'><strong>seilicetepistulas</strong></span> <span class='ocrx_word' id='word_1_113' title='bbox 747 2050 780 2114; x_wconf 91' lang='lat' dir='ltr'><strong>in</strong></span> <span class='ocrx_word' id='word_1_114' title='bbox 803 2071 874 2115; x_wconf 89' lang='lat' dir='ltr'><strong>eum</strong></span> <span class='ocrx_word' id='word_1_115' title='bbox 901 2050 1045 2116; x_wconf 87' lang='lat' dir='ltr'><strong>ordinem</strong></span> <span class='ocrx_word' id='word_1_116' title='bbox 1066 2038 1202 2138; x_wconf 82' lang='lat' dir='ltr'><strong>redegit,</strong></span> <span class='ocrx_word' id='word_1_117' title='bbox 1228 2062 1263 2117; x_wconf 89' lang='lat' dir='ltr'><strong>ut</strong></span> 
     </span>
     <span class='ocr_line' id='line_1_17' title="bbox 172 2159 1263 2252; baseline 0.002 -27"><span class='ocrx_word' id='word_1_118' title='bbox 172 2161 301 2226; x_wconf 89' lang='lat' dir='ltr'><strong>nomina</strong></span> <span class='ocrx_word' id='word_1_119' title='bbox 322 2160 382 2226; x_wconf 87' lang='lat' dir='ltr'><strong>sibi</strong></span> <span class='ocrx_word' id='word_1_120' title='bbox 410 2159 562 2252; x_wconf 86' lang='lat' dir='ltr'><strong>inscripta</strong></span> <span class='ocrx_word' id='word_1_121' title='bbox 584 2168 794 2244; x_wconf 86' lang='lat' dir='ltr'><strong>sequerentur</strong></span> <span class='ocrx_word' id='word_1_122' title='bbox 821 2198 862 2207; x_wconf 93' lang='lat'><em>-</em></span> <span class='ocrx_word' id='word_1_123' title='bbox 892 2181 948 2224; x_wconf 85' lang='lat' dir='ltr'><strong>cur</strong></span> <span class='ocrx_word' id='word_1_124' title='bbox 968 2160 1098 2226; x_wconf 90' lang='lat' dir='ltr'><strong>tandem</strong></span> <span class='ocrx_word' id='word_1_125' title='bbox 1127 2163 1223 2228; x_wconf 85' lang='lat' dir='ltr'><strong>octies</strong></span> <span class='ocrx_word' id='word_1_126' title='bbox 1244 2188 1263 2227; x_wconf 91' lang='lat' dir='ltr'><strong>a</strong></span> 
     </span>
     <span class='ocr_line' id='line_1_18' title="bbox 172 2267 1262 2356; baseline 0.002 -22"><span class='ocrx_word' id='word_1_127' title='bbox 172 2292 208 2335; x_wconf 92' lang='lat' dir='ltr'><strong>se</strong></span> <span class='ocrx_word' id='word_1_128' title='bbox 230 2272 300 2356; x_wconf 92' lang='lat' dir='ltr'><strong>ipse</strong></span> <span class='ocrx_word' id='word_1_129' title='bbox 326 2270 414 2356; x_wconf 89' lang='lat' dir='ltr'><strong>quasi</strong></span> <span class='ocrx_word' id='word_1_130' title='bbox 441 2269 585 2335; x_wconf 81' lang='lat' dir='ltr'><strong>defecit?</strong></span> <span class='ocrx_word' id='word_1_131' title='bbox 639 2267 769 2334; x_wconf 82' lang='lat' dir='ltr'><strong>Frustra</strong></span> <span class='ocrx_word' id='word_1_132' title='bbox 792 2278 909 2333; x_wconf 70' lang='lat' dir='ltr'><strong>comam</strong></span> <span class='ocrx_word' id='word_1_133' title='bbox 930 2291 1069 2334; x_wconf 83' lang='lat' dir='ltr'><strong>caussam</strong></span> <span class='ocrx_word' id='word_1_134' title='bbox 1095 2271 1262 2336; x_wconf 88' lang='lat' dir='ltr'><strong>rationem·</strong></span> 
     </span>
     <span class='ocr_line' id='line_1_19' title="bbox 174 2374 1263 2462; baseline 0.003 -22"><span class='ocrx_word' id='word_1_135' title='bbox 174 2396 236 2462; x_wconf 90' lang='lat' dir='ltr'><strong>que</strong></span> <span class='ocrx_word' id='word_1_136' title='bbox 249 2376 444 2462; x_wconf 82' lang='lat' dir='ltr'><strong>inuestigare</strong></span> <span class='ocrx_word' id='word_1_137' title='bbox 467 2374 674 2440; x_wconf 89' lang='lat' dir='ltr'><strong>studebimus.</strong></span> <span class='ocrx_word' id='word_1_138' title='bbox 697 2375 750 2438; x_wconf 83' lang='lat' dir='ltr'><strong>An</strong></span> <span class='ocrx_word' id='word_1_139' title='bbox 774 2397 846 2439; x_wconf 83' lang='lat' dir='ltr'><strong>casu</strong></span> <span class='ocrx_word' id='word_1_140' title='bbox 860 2374 965 2461; x_wconf 88' lang='lat' dir='ltr'><strong>aliquo</strong></span> <span class='ocrx_word' id='word_1_141' title='bbox 990 2376 1107 2458; x_wconf 87' lang='lat' dir='ltr'><strong>euenit,</strong></span> <span class='ocrx_word' id='word_1_142' title='bbox 1131 2386 1165 2442; x_wconf 90' lang='lat' dir='ltr'><strong>ut</strong></span> <span class='ocrx_word' id='word_1_143' title='bbox 1184 2400 1263 2442; x_wconf 89' lang='lat' dir='ltr'><strong>non·</strong></span> 
     </span>
     <span class='ocr_line' id='line_1_20' title="bbox 172 2484 1264 2569; baseline 0.003 -20"><span class='ocrx_word' id='word_1_144' title='bbox 172 2485 281 2549; x_wconf 89' lang='lat' dir='ltr'><strong>nullae</strong></span> <span class='ocrx_word' id='word_1_145' title='bbox 311 2484 465 2569; x_wconf 80' lang='lat' dir='ltr'><strong>epistulae</strong></span> <span class='ocrx_word' id='word_1_146' title='bbox 494 2485 532 2549; x_wconf 89' lang='lat' dir='ltr'><strong>ab</strong></span> <span class='ocrx_word' id='word_1_147' title='bbox 555 2484 598 2548; x_wconf 88' lang='lat' dir='ltr'><strong>eis</strong></span> <span class='ocrx_word' id='word_1_148' title='bbox 621 2484 883 2569; x_wconf 82' lang='lat' dir='ltr'><strong>seiungerentur,</strong></span> <span class='ocrx_word' id='word_1_149' title='bbox 919 2484 1107 2569; x_wconf 85' lang='lat' dir='ltr'><strong>quibuscum</strong></span> <span class='ocrx_word' id='word_1_150' title='bbox 1136 2489 1264 2552; x_wconf 87' lang='lat' dir='ltr'><strong>coniun-</strong></span> 
     </span>
     <span class='ocr_line' id='line_1_21' title="bbox 172 2595 1264 2684; baseline 0.003 -24"><span class='ocrx_word' id='word_1_151' title='bbox 172 2595 300 2683; x_wconf 85' lang='lat' dir='ltr'><strong>gendae</strong></span> <span class='ocrx_word' id='word_1_152' title='bbox 324 2595 436 2659; x_wconf 81' lang='lat' dir='ltr'><strong>erant?</strong></span> <span class='ocrx_word' id='word_1_153' title='bbox 479 2595 585 2659; x_wconf 93' lang='lat' dir='ltr'><strong>Potuit</strong></span> <span class='ocrx_word' id='word_1_154' title='bbox 605 2616 681 2659; x_wconf 86' lang='lat' dir='ltr'><strong>sane</strong></span> <span class='ocrx_word' id='word_1_155' title='bbox 701 2617 774 2660; x_wconf 86' lang='lat' dir='ltr'><strong>casu</strong></span> <span class='ocrx_word' id='word_1_156' title='bbox 798 2595 943 2660; x_wconf 81' lang='lat' dir='ltr'><strong>accidere</strong></span> <span class='ocrx_word' id='word_1_157' title='bbox 967 2604 1002 2659; x_wconf 90' lang='lat' dir='ltr'><strong>ut</strong></span> <span class='ocrx_word' id='word_1_158' title='bbox 1017 2595 1050 2661; x_wconf 88' lang='lat' dir='ltr'><strong>in</strong></span> <span class='ocrx_word' id='word_1_159' title='bbox 1072 2598 1264 2684; x_wconf 82' lang='lat' dir='ltr'><strong>conligendo</strong></span> 
     </span>
     <span class='ocr_line' id='line_1_22' title="bbox 174 2691 1265 2791; baseline 0.001 -20"><span class='ocrx_word' id='word_1_160' title='bbox 174 2705 231 2771; x_wconf 86' lang='lat' dir='ltr'><strong>uel</strong></span> <span class='ocrx_word' id='word_1_161' title='bbox 251 2706 332 2768; x_wconf 84' lang='lat' dir='ltr'><strong>haee</strong></span> <span class='ocrx_word' id='word_1_162' title='bbox 354 2700 409 2769; x_wconf 92' lang='lat' dir='ltr'><strong>uel</strong></span> <span class='ocrx_word' id='word_1_163' title='bbox 428 2703 484 2768; x_wconf 91' lang='lat' dir='ltr'><strong>illa</strong></span> <span class='ocrx_word' id='word_1_164' title='bbox 507 2703 641 2790; x_wconf 84' lang='lat' dir='ltr'><strong>epistula</strong></span> <span class='ocrx_word' id='word_1_165' title='bbox 663 2722 752 2767; x_wconf 85' lang='lat' dir='ltr'><strong>suam</strong></span> <span class='ocrx_word' id='word_1_166' title='bbox 775 2704 942 2788; x_wconf 83' lang='lat' dir='ltr'><strong>regionem</strong></span> <span class='ocrx_word' id='word_1_167' title='bbox 963 2696 1169 2791; x_wconf 83' lang='lat' dir='ltr'><strong>relinqueret,</strong></span> <span class='ocrx_word' id='word_1_168' title='bbox 1191 2691 1265 2772; x_wconf 61' lang='lat' dir='ltr'><strong>aliass</strong></span> 
     </span>
     <span class='ocr_line' id='line_1_23' title="bbox 172 2811 1265 2900; baseline 0.001 -21"><span class='ocrx_word' id='word_1_169' title='bbox 172 2834 245 2879; x_wconf 89' lang='lat' dir='ltr'><strong>rum</strong></span> <span class='ocrx_word' id='word_1_170' title='bbox 266 2823 392 2900; x_wconf 88' lang='lat' dir='ltr'><strong>peteret</strong></span> <span class='ocrx_word' id='word_1_171' title='bbox 419 2851 462 2863; x_wconf 89' lang='grc'><strong>--</strong></span> <span class='ocrx_word' id='word_1_172' title='bbox 492 2813 551 2877; x_wconf 89' lang='lat' dir='ltr'><strong>sed</strong></span> <span class='ocrx_word' id='word_1_173' title='bbox 579 2835 713 2898; x_wconf 89' lang='lat' dir='ltr'><strong>quanam</strong></span> <span class='ocrx_word' id='word_1_174' title='bbox 742 2811 963 2898; x_wconf 70' lang='lat' dir='ltr'><strong>probabilitate</strong></span> <span class='ocrx_word' id='word_1_175' title='bbox 986 2814 1081 2879; x_wconf 90' lang='lat' dir='ltr'><strong>oeties</strong></span> <span class='ocrx_word' id='word_1_176' title='bbox 1105 2814 1167 2878; x_wconf 86' lang='lat' dir='ltr'><strong>tale</strong></span> <span class='ocrx_word' id='word_1_177' title='bbox 1190 2815 1265 2900; x_wconf 93' lang='lat' dir='ltr'><strong>quid</strong></span> 
     </span>
     <span class='ocr_line' id='line_1_24' title="bbox 172 2921 1266 3008; baseline 0.004 -23"><span class='ocrx_word' id='word_1_178' title='bbox 172 2921 284 2987; x_wconf 86' lang='lat' dir='ltr'><strong>librari</strong></span> <span class='ocrx_word' id='word_1_179' title='bbox 306 2922 464 3007; x_wconf 87' lang='lat' dir='ltr'><strong>permissu</strong></span> <span class='ocrx_word' id='word_1_180' title='bbox 486 2922 603 2987; x_wconf 83' lang='lat' dir='ltr'><strong>fastum</strong></span> <span class='ocrx_word' id='word_1_181' title='bbox 626 2942 697 2986; x_wconf 89' lang='lat' dir='ltr'><strong>esse</strong></span> <span class='ocrx_word' id='word_1_182' title='bbox 724 2921 910 2986; x_wconf 78' lang='lat' dir='ltr'><strong>sumemus?</strong></span> <span class='ocrx_word' id='word_1_183' title='bbox 956 2921 1070 3008; x_wconf 89' lang='lat' dir='ltr'><strong>Neque</strong></span> <span class='ocrx_word' id='word_1_184' title='bbox 1095 2934 1184 2989; x_wconf 89' lang='lat' dir='ltr'><strong>erant</strong></span> <span class='ocrx_word' id='word_1_185' title='bbox 1204 2925 1266 2989; x_wconf 92' lang='lat' dir='ltr'><strong>sin-</strong></span> 
     </span>
     <span class='ocr_line' id='line_1_25' title="bbox 176 3028 1267 3116; baseline 0.006 -25"><span class='ocrx_word' id='word_1_186' title='bbox 176 3029 273 3114; x_wconf 78' lang='lat' dir='ltr'><strong>gulae</strong></span> <span class='ocrx_word' id='word_1_187' title='bbox 295 3028 469 3113; x_wconf 87' lang='lat' dir='ltr'><strong>epistulae,</strong></span> <span class='ocrx_word' id='word_1_188' title='bbox 499 3052 579 3116; x_wconf 87' lang='lat' dir='ltr'><strong>quae</strong></span> <span class='ocrx_word' id='word_1_189' title='bbox 605 3031 740 3094; x_wconf 89' lang='lat' dir='ltr'><strong>omissae</strong></span> <span class='ocrx_word' id='word_1_190' title='bbox 771 3029 824 3094; x_wconf 87' lang='lat' dir='ltr'><strong>alii</strong></span> <span class='ocrx_word' id='word_1_191' title='bbox 854 3031 925 3094; x_wconf 90' lang='lat' dir='ltr'><strong>looo</strong></span> <span class='ocrx_word' id='word_1_192' title='bbox 948 3030 1179 3113; x_wconf 87' lang='lat' dir='ltr'><strong>insererentur,</strong></span> <span class='ocrx_word' id='word_1_193' title='bbox 1208 3034 1267 3098; x_wconf 86' lang='lat' dir='ltr'><strong>sod</strong></span> 
     </span>
     <span class='ocr_line' id='line_1_26' title="bbox 175 3135 1268 3224; baseline 0.005 -25"><span class='ocrx_word' id='word_1_194' title='bbox 175 3135 250 3220; x_wconf 89' lang='lat' dir='ltr'><strong>plus</strong></span> <span class='ocrx_word' id='word_1_195' title='bbox 273 3137 373 3201; x_wconf 90' lang='lat' dir='ltr'><strong>semel</strong></span> <span class='ocrx_word' id='word_1_196' title='bbox 394 3137 540 3224; x_wconf 86' lang='lat' dir='ltr'><strong>quinque,</strong></span> <span class='ocrx_word' id='word_1_197' title='bbox 564 3160 633 3220; x_wconf 87' lang='lat' dir='ltr'><strong>sex,</strong></span> <span class='ocrx_word' id='word_1_198' title='bbox 654 3137 813 3203; x_wconf 81' lang='lat' dir='ltr'><strong>undecim.</strong></span> <span class='ocrx_word' id='word_1_199' title='bbox 856 3136 1001 3221; x_wconf 85' lang='lat' dir='ltr'><strong>Deinde,</strong></span> <span class='ocrx_word' id='word_1_200' title='bbox 1032 3139 1059 3203; x_wconf 93' lang='lat' dir='ltr'><strong>si</strong></span> <span class='ocrx_word' id='word_1_201' title='bbox 1081 3141 1166 3205; x_wconf 89' lang='lat' dir='ltr'><strong>oasui</strong></span> <span class='ocrx_word' id='word_1_202' title='bbox 1186 3142 1268 3207; x_wconf 88' lang='lat' dir='ltr'><strong>hano</strong></span> 
     </span>
     <span class='ocr_line' id='line_1_27' title="bbox 116 3243 1267 3331; baseline 0.004 -21"><span class='ocrx_word' id='word_1_203' title='bbox 116 3264 118 3269; x_wconf 79' lang='grc'>’</span> <span class='ocrx_word' id='word_1_204' title='bbox 176 3243 299 3310; x_wconf 87' lang='lat' dir='ltr'><strong>ordinis</strong></span> <span class='ocrx_word' id='word_1_205' title='bbox 320 3248 592 3331; x_wconf 87' lang='lat' dir='ltr'><strong>perturbationem</strong></span> <span class='ocrx_word' id='word_1_206' title='bbox 611 3247 794 3328; x_wconf 87' lang='lat' dir='ltr'><strong>tribuimus,</strong></span> <span class='ocrx_word' id='word_1_207' title='bbox 826 3246 926 3331; x_wconf 90' lang='lat' dir='ltr'><strong>qualis</strong></span> <span class='ocrx_word' id='word_1_208' title='bbox 950 3256 997 3311; x_wconf 91' lang='lat' dir='ltr'><strong>est</strong></span> <span class='ocrx_word' id='word_1_209' title='bbox 1019 3247 1071 3314; x_wconf 89' lang='lat' dir='ltr'><strong>hie</strong></span> <span class='ocrx_word' id='word_1_210' title='bbox 1094 3272 1192 3331; x_wconf 87' lang='lat' dir='ltr'><strong>oasus,</strong></span> <span class='ocrx_word' id='word_1_211' title='bbox 1217 3250 1267 3315; x_wconf 89' lang='lat' dir='ltr'><strong>oui</strong></span> 
     </span>
    </p>
   </div>
   <div class='ocr_carea' id='block_1_5' title="bbox 174 3421 375 3431">
    <p class='ocr_par' dir='ltr' id='par_1_10' title="bbox 174 3421 375 3431">
     <span class='ocr_line' id='line_1_28' title="bbox 174 3421 375 3431; baseline -0.005 0"><span class='ocrx_word' id='word_1_212' title='bbox 174 3421 375 3431; x_wconf 69' lang='lat'><strong>..—</strong></span> 
     </span>
    </p>
   </div>
   <div class='ocr_carea' id='block_1_6' title="bbox 175 3545 1273 4292">
    <p class='ocr_par' dir='ltr' id='par_1_11' title="bbox 175 3545 1272 3715">
     <span class='ocr_line' id='line_1_29' title="bbox 175 3545 1272 3618; baseline 0.005 -18"><span class='ocrx_word' id='word_1_213' title='bbox 175 3547 253 3615; x_wconf 71' lang='lat' dir='ltr'><strong>dium</strong></span> <span class='ocrx_word' id='word_1_214' title='bbox 279 3545 456 3615; x_wconf 71' lang='lat' dir='ltr'><strong>Marcellum,</strong></span> <span class='ocrx_word' id='word_1_215' title='bbox 480 3547 510 3603; x_wconf 74' lang='lat' dir='ltr'><strong>(I.</strong></span> <span class='ocrx_word' id='word_1_216' title='bbox 527 3547 559 3602; x_wconf 90' lang='lat' dir='ltr'><strong>F.</strong></span> <span class='ocrx_word' id='word_1_217' title='bbox 584 3547 720 3605; x_wconf 85' lang='lat' dir='ltr'><strong>minorem</strong></span> <span class='ocrx_word' id='word_1_218' title='bbox 741 3548 854 3604; x_wconf 81' lang='lat' dir='ltr'><strong>missam</strong></span> <span class='ocrx_word' id='word_1_219' title='bbox 875 3565 936 3604; x_wconf 86' lang='lat' dir='ltr'><strong>esse</strong></span> <span class='ocrx_word' id='word_1_220' title='bbox 962 3547 1004 3617; x_wconf 91' lang='lat' dir='ltr'><strong>(id</strong></span> <span class='ocrx_word' id='word_1_221' title='bbox 1027 3548 1101 3618; x_wconf 91' lang='lat' dir='ltr'><strong>quod</strong></span> <span class='ocrx_word' id='word_1_222' title='bbox 1126 3547 1272 3606; x_wconf 68' lang='lat' dir='ltr'><strong>umerum</strong></span> 
     </span>
     <span class='ocr_line' id='line_1_30' title="bbox 176 3644 604 3715; baseline 0 -15"><span class='ocrx_word' id='word_1_223' title='bbox 176 3645 308 3715; x_wconf 87' lang='lat' dir='ltr'><strong>oonieoit)</strong></span> <span class='ocrx_word' id='word_1_224' title='bbox 326 3661 488 3714; x_wconf 68' lang='lat' dir='ltr'><strong>pannosum</strong></span> <span class='ocrx_word' id='word_1_225' title='bbox 506 3644 604 3701; x_wconf 83' lang='lat' dir='ltr'><strong>habeo.</strong></span> 
     </span>
    </p>

    <p class='ocr_par' dir='ltr' id='par_1_12' title="bbox 251 3739 973 3815">
     <span class='ocr_line' id='line_1_31' title="bbox 251 3739 973 3815; baseline 0.001 -19"><span class='ocrx_word' id='word_1_226' title='bbox 251 3739 343 3810; x_wconf 65' lang='lat' dir='ltr'><strong>trux</strong></span> <span class='ocrx_word' id='word_1_227' title='bbox 359 3740 393 3795; x_wconf 86' lang='lat' dir='ltr'><strong>X.</strong></span> <span class='ocrx_word' id='word_1_228' title='bbox 412 3741 500 3799; x_wconf 80' lang='lat'>1-24</span> <span class='ocrx_word' id='word_1_229' title='bbox 517 3741 652 3811; x_wconf 84' lang='lat' dir='ltr'><strong>quaedam</strong></span> <span class='ocrx_word' id='word_1_230' title='bbox 669 3744 734 3796; x_wconf 84' lang='lat' dir='ltr'><strong>sunt</strong></span> <span class='ocrx_word' id='word_1_231' title='bbox 750 3740 859 3797; x_wconf 83' lang='lat' dir='ltr'><strong>Munati</strong></span> <span class='ocrx_word' id='word_1_232' title='bbox 876 3741 973 3815; x_wconf 85' lang='lat' dir='ltr'><strong>ipsius.</strong></span> 
     </span>
    </p>

    <p class='ocr_par' dir='ltr' id='par_1_13' title="bbox 176 3820 1272 4003">
     <span class='ocr_line' id='line_1_32' title="bbox 251 3820 1272 3907; baseline 0.001 -15"><span class='ocrx_word' id='word_1_233' title='bbox 251 3836 277 3907; x_wconf 82' lang='grc'><strong>9)</strong></span> <span class='ocrx_word' id='word_1_234' title='bbox 297 3834 368 3907; x_wconf 82' lang='lat' dir='ltr'><strong>Epp.</strong></span> <span class='ocrx_word' id='word_1_235' title='bbox 387 3838 405 3894; x_wconf 79' lang='lat' dir='ltr'><strong>b</strong></span> <span class='ocrx_word' id='word_1_236' title='bbox 423 3841 452 3892; x_wconf 85' lang='lat' dir='ltr'><strong>et</strong></span> <span class='ocrx_word' id='word_1_237' title='bbox 471 3839 504 3894; x_wconf 72' lang='lat'><strong>12</strong></span> <span class='ocrx_word' id='word_1_238' title='bbox 523 3837 642 3892; x_wconf 88' lang='lat' dir='ltr'><strong>eiusdem</strong></span> <span class='ocrx_word' id='word_1_239' title='bbox 660 3837 725 3892; x_wconf 88' lang='lat' dir='ltr'><strong>libri</strong></span> <span class='ocrx_word' id='word_1_240' title='bbox 744 3836 848 3907; x_wconf 78' lang='lat' dir='ltr'><strong>Sulpici</strong></span> <span class='ocrx_word' id='word_1_241' title='bbox 866 3842 939 3907; x_wconf 80' lang='lat' dir='ltr'><strong>sunt,</strong></span> <span class='ocrx_word' id='word_1_242' title='bbox 957 3852 1011 3907; x_wconf 81' lang='lat' dir='ltr'><strong>quo</strong></span> <span class='ocrx_word' id='word_1_243' title='bbox 1028 3820 1113 3892; x_wconf 39' lang='lat' dir='ltr'><strong>de&#39;re</strong></span> <span class='ocrx_word' id='word_1_244' title='bbox 1129 3836 1201 3895; x_wconf 82' lang='lat' dir='ltr'><strong>infra</strong></span> <span class='ocrx_word' id='word_1_245' title='bbox 1217 3836 1272 3893; x_wconf 84' lang='lat' dir='ltr'><strong>dis·</strong></span> 
     </span>
     <span class='ocr_line' id='line_1_33' title="bbox 176 3933 345 4003; baseline 0 -15"><span class='ocrx_word' id='word_1_246' title='bbox 176 3933 345 4003; x_wconf 79' lang='lat' dir='ltr'><strong>putabimus.</strong></span> 
     </span>
    </p>

    <p class='ocr_par' dir='ltr' id='par_1_14' title="bbox 218 4027 1272 4100">
     <span class='ocr_line' id='line_1_34' title="bbox 218 4027 1272 4100; baseline -0.001 -15"><span class='ocrx_word' id='word_1_247' title='bbox 218 4068 227 4087; x_wconf 64' lang='grc'><strong>».</strong></span> <span class='ocrx_word' id='word_1_248' title='bbox 249 4029 293 4098; x_wconf 87' lang='grc'><strong>10)</strong></span> <span class='ocrx_word' id='word_1_249' title='bbox 310 4028 407 4100; x_wconf 83' lang='lat' dir='ltr'><strong>Neque</strong></span> <span class='ocrx_word' id='word_1_250' title='bbox 425 4029 500 4084; x_wconf 83' lang='lat' dir='ltr'><strong>enim</strong></span> <span class='ocrx_word' id='word_1_251' title='bbox 517 4028 574 4084; x_wconf 88' lang='lat' dir='ltr'><strong>ullo</strong></span> <span class='ocrx_word' id='word_1_252' title='bbox 592 4028 676 4084; x_wconf 87' lang='lat' dir='ltr'><strong>modo</strong></span> <span class='ocrx_word' id='word_1_253' title='bbox 693 4027 841 4098; x_wconf 81' lang='lat' dir='ltr'><strong>dissernss,</strong></span> <span class='ocrx_word' id='word_1_254' title='bbox 858 4033 953 4084; x_wconf 83' lang='lat' dir='ltr'><strong>utrum</strong></span> <span class='ocrx_word' id='word_1_255' title='bbox 964 4028 1009 4084; x_wconf 87' lang='lat' dir='ltr'><strong>hie</strong></span> <span class='ocrx_word' id='word_1_256' title='bbox 1017 4027 1114 4097; x_wconf 85' lang='lat' dir='ltr'><strong>Titius,</strong></span> <span class='ocrx_word' id='word_1_257' title='bbox 1135 4029 1172 4084; x_wconf 82' lang='lat' dir='ltr'><strong>ad</strong></span> <span class='ocrx_word' id='word_1_258' title='bbox 1190 4047 1272 4099; x_wconf 88' lang='lat' dir='ltr'><strong>quem</strong></span> 
     </span>
    </p>

    <p class='ocr_par' dir='ltr' id='par_1_15' title="bbox 178 4122 1273 4292">
     <span class='ocr_line' id='line_1_35' title="bbox 178 4122 1273 4195; baseline 0.003 -17"><span class='ocrx_word' id='word_1_259' title='bbox 178 4141 222 4194; x_wconf 87' lang='lat' dir='ltr'><strong>ep.</strong></span> <span class='ocrx_word' id='word_1_260' title='bbox 231 4122 265 4181; x_wconf 82' lang='lat' dir='ltr'><strong>V,</strong></span> <span class='ocrx_word' id='word_1_261' title='bbox 272 4125 307 4180; x_wconf 82' lang='lat'><strong>16</strong></span> <span class='ocrx_word' id='word_1_262' title='bbox 326 4123 405 4180; x_wconf 73' lang='lat' dir='ltr'><strong>misit</strong></span> <span class='ocrx_word' id='word_1_263' title='bbox 423 4124 528 4194; x_wconf 80' lang='lat' dir='ltr'><strong>Oioeuo,</strong></span> <span class='ocrx_word' id='word_1_264' title='bbox 545 4125 622 4181; x_wconf 88' lang='lat' dir='ltr'><strong>idem</strong></span> <span class='ocrx_word' id='word_1_265' title='bbox 637 4125 676 4179; x_wconf 83' lang='lat' dir='ltr'><strong>sit</strong></span> <span class='ocrx_word' id='word_1_266' title='bbox 693 4129 776 4195; x_wconf 73' lang='lat' dir='ltr'><strong>atque</strong></span> <span class='ocrx_word' id='word_1_267' title='bbox 794 4125 849 4193; x_wconf 85' lang='lat' dir='ltr'><strong>ille,</strong></span> <span class='ocrx_word' id='word_1_268' title='bbox 867 4124 903 4178; x_wconf 81' lang='lat' dir='ltr'><strong>od</strong></span> <span class='ocrx_word' id='word_1_269' title='bbox 925 4141 1007 4194; x_wconf 87' lang='lat' dir='ltr'><strong>quem</strong></span> <span class='ocrx_word' id='word_1_270' title='bbox 1026 4123 1215 4195; x_wconf 79' lang='lat' dir='ltr'><strong>scripsitXIII.</strong></span> <span class='ocrx_word' id='word_1_271' title='bbox 1228 4127 1273 4194; x_wconf 84' lang='lat'><strong>58,</strong></span> 
     </span>
     <span class='ocr_line' id='line_1_36' title="bbox 178 4219 825 4292; baseline 0.003 -18"><span class='ocrx_word' id='word_1_272' title='bbox 178 4238 215 4274; x_wconf 83' lang='lat' dir='ltr'><strong>an</strong></span> <span class='ocrx_word' id='word_1_273' title='bbox 233 4219 269 4272; x_wconf 83' lang='lat' dir='ltr'><strong>od</strong></span> <span class='ocrx_word' id='word_1_274' title='bbox 287 4236 369 4288; x_wconf 79' lang='lat' dir='ltr'><strong>quom</strong></span> <span class='ocrx_word' id='word_1_275' title='bbox 387 4220 459 4274; x_wconf 88' lang='lat' dir='ltr'><strong>XIII.</strong></span> <span class='ocrx_word' id='word_1_276' title='bbox 479 4223 523 4289; x_wconf 81' lang='lat'><strong>75,</strong></span> <span class='ocrx_word' id='word_1_277' title='bbox 542 4237 578 4276; x_wconf 87' lang='lat' dir='ltr'><strong>an</strong></span> <span class='ocrx_word' id='word_1_278' title='bbox 597 4220 698 4277; x_wconf 80' lang='lat' dir='ltr'><strong>tertius</strong></span> <span class='ocrx_word' id='word_1_279' title='bbox 717 4222 825 4292; x_wconf 82' lang='lat' dir='ltr'><strong>aliquis.</strong></span> 
     </span>
    </p>
   </div>
   <div class='ocr_carea' id='block_1_7' title="bbox 0 0 1542 4786">
    <p class='ocr_par' dir='ltr' id='par_1_16' title="bbox 0 0 1542 4786">
     <span class='ocr_line' id='line_1_37' title="bbox 0 0 1542 4786; baseline 0 0"><span class='ocrx_word' id='word_1_280' title='bbox 0 0 1542 4786; x_wconf 95' lang='lat' dir='ltr'><strong> </strong></span> 
     </span>
    </p>
   </div>
  </div>
 </body>
</html>
