3038 4786
701 261 883 395 1⁹⁴

171 490 283 558 blmus.
326 490 408 555 Inde
429 493 469 556 ab
489 508 571 555 anno
594 487 755 556 1000111.
777 472 882 553 autem
904 486 1042 570 Quintus
1064 489 1161 554 modo
1184 489 1269 576 apud

171 600 277 685 ipsum
297 601 428 664 fratrem
449 597 693 683 uersabaturli)
724 596 821 661 modo
845 616 917 662 cum
941 597 1055 663 eodem
1078 598 1175 662 modo
1199 620 1271 663 cnm
1307 598 1312 603 ’
1378 634 1389 659 a

172 706 477 794 Pomponia'uxore
501 705 675 772 discordias
697 690 843 787 habebat,
866 715 902 769 ut
921 705 1006 770 illius
1027 707 1180 792 temporis
1201 706 1272 771 nul·

174 817 224 881 lae
242 839 383 902 unquam
406 815 560 903 epistulae
572 815 699 895 fuerint,
723 800 895 878 huius'uix
915 815 1013 896 tales,
1037 814 1147 898 quales
1170 814 1272 879 diuul-

172 926 243 1010 gari
265 925 421 1010 quispiam
446 931 591 1010 cuperet3
613 923 648 987 id
671 923 756 1008 quod
771 914 931 987 neminem
945 932 1022 1009 puto
1036 944 1102 987 non
1122 930 1272 1008 prompte

118 1104 122 1119 ¹
174 1035 279 1099 animo
305 1054 531 1099 concessurum
556 1016 647 1115 esse,
668 1031 859 1118 praesertim
881 1031 907 1095 si
931 1032 1000 1116 quis
1022 1031 1160 1096 ediderit
1182 1031 1271 1097 Cice-

94 1142 100 1148 ’
171 1142 261 1209 renis
284 1141 435 1228 epistulas
462 1141 686 1206 considerabit
739 1138 911 1204 Praeterea
942 1139 1035 1204 facile
1066 1139 1138 1203 fieri
1161 1138 1273 1225 potuit

172 1259 217 1330 nt,
241 1250 267 1313 si
291 1270 371 1335 quae
393 1248 547 1334 epistulae
567 1258 712 1314 seruatae
735 1256 833 1330 erant,
857 1250 915 1313 eae
936 1266 998 1331 quo
1016 1257 1164 1334 tempore
1174 1247 1275 1329 Qenn-

172 1368 223 1423 tus
256 1378 319 1423 una
343 1357 530 1422 cumfratre
552 1357 752 1444 proscriptus
777 1366 840 1438 est,
862 1356 1014 1442 perirent
1058 1340 1210 1441 Denique
1234 1397 1272 1407 -

174 1468 267 1555 quale
290 1467 419 1531 tandem
442 1467 503 1532 hoc
525 1476 713 1553 excerptum
737 1476 839 1548 osset,
880 1466 913 1529 in
943 1466 1029 1551 quod
1049 1475 1096 1530 tot
1120 1466 1275 1552 epistulae

173 1585 248 1642 ente
269 1598 387 1640 annum
412 1572 539 1657 locu„
564 1576 622 1640 sed
643 1597 685 1640 ne
708 1597 793 1640 unae
807 1575 937 1660 quidem
957 1575 1082 1640 litterae
1104 1577 1277 1661 posthunc

173 1706 291 1751 annum
320 1683 457 1771 scriptae
486 1683 732 1769 reciperentur?
776 1683 901 1765 Quibus
935 1684 961 1747 si
989 1683 1154 1767 addimus,
1190 1685 1276 1770 quod

175 1812 393 1879 quoscumque
421 1793 509 1858 locos
531 1812 549 1858 e
567 1792 733 1858 Ciceronis
750 1792 893 1878 epistulis
916 1793 957 1857 ad
971 1791 1126 1872 Quintum
1144 1793 1277 1860 fratrem

173 1904 278 1969 missis
303 1912 445 1990 sumptos
468 1925 542 1968 esse
568 1902 687 1988 antiqui
708 1903 880 1989 scriptores
903 1903 1049 1985 tradunt,
1074 1904 1168 1969 etiam
1190 1926 1276 1970 nunc

173 2012 290 2078 inillis
313 2012 485 2099 leguntur,
518 2032 629 2078 omnes
650 2033 702 2076 me
718 2033 842 2076 summo
861 2012 935 2076 iure
959 2012 1000 2076 de
1024 2009 1188 2077 Ciceronis
1210 2013 1276 2147 epi·

176 2121 268 2186 stulis
289 2129 429 2186 statuero
452 2119 629 2187 concedent
651 2120 768 2184 haece·

178 2230 335 2318 epistulae
358 2232 407 2295 ad
428 2230 480 2294 At
488 2231 614 2295 ticum
635 2238 841 2315 excerpta
863 2246 943 2294 non
965 2238 1080 2312 sunt,

177 2339 330 2428 epistulas
361 2338 407 2405 ad
431 2338 631 2420 Quintum
654 2340 697 2417 fr.
731 2348 935 2426 excerpta
963 2356 1045 2403 non
1066 2358 1161 2405 esse
1184 2342 1290 2409 ueri·

90 2466 98 2475 ·
169 2457 217 2473 ”
261 2446 639 2531 mmssfimumessf

182 2556 339 2643 epistulae
361 2556 408 2622 ad
432 2555 695 2639 famei-XII,
718 2556 834 2639 XIII,
856 2558 927 2624 XV
950 2568 1152 2646 excerpta
1174 2569 1277 2624 sunt.

181 2664 226 2728 de
246 2663 389 2751 epistulis
410 2666 459 2729 ad
478 2666 564 2730 fam.
585 2665 711 2730 XIIII
735 2675 773 2731 et
794 2664 889 2731 XVI
913 2688 993 2732 non
1015 2676 1188 2734 constat.

267 2866 451 2969 Priusquam
474 2904 561 2949 nunc
589 2885 630 2949 ad
655 2884 901 2970 disputationem
925 2884 965 2949 de
989 2905 1170 2970 corporum,
1197 2905 1279 2969 quae
1310 2874 1319 2885 ’

184 3010 258 3075 epp.
281 2992 322 3055 ad
342 2993 414 3057 iam.
439 2991 595 3074 efficiant,
617 3008 750 3057 numero
773 2992 954 3076 finibusque
979 2992 1204 3057 instituendam
1227 3012 1278 3056 re·

182 3105 352 3179 nectamur,
372 3100 458 3165 unde
482 3100 615 3181 uenerit,
639 3108 674 3163 ut
697 3099 895 3184 quorundam
918 3098 1072 3185 epistulae
1091 3098 1131 3163 ad
1147 3099 1278 3165 Oicoro-

180 3226 257 3269 nem
278 3206 392 3273 missac
418 3210 456 3274 ab
476 3207 735 3294 huius-epistulis
757 3209 798 3273 ad
821 3209 954 3273 eosdem
981 3207 1054 3272 illos
1078 3208 1206 3293 scriptis
1230 3228 1280 3273 se·

180 3313 308 3379 iunctae
330 3315 393 3380 sint
414 3354 450 3364 —
474 3316 508 3381 id
527 3318 612 3401 quod
635 3338 731 3402 snpra
749 3315 911 3402 spopondi
943 3326 1103 3401 -quam
1126 3315 1282 3403 paucissi-

178 3422 240 3487 mis
256 3408 400 3490 'docebu
454 3425 517 3490 Vbi
539 3425 636 3511 igitur
659 3424 823 3510 utriusque
845 3426 975 3511 generis
999 3425 1154 3512 epistolae
1176 3435 1282 3491 exsta-

181 3532 267 3614 bant,
291 3540 466 3619 potuerunt
496 3533 528 3597 in
554 3534 645 3598 libris
667 3533 869 3620 primigeniis
899 3542 953 3598 aut
981 3533 1065 3598 inter
1095 3557 1133 3599 se
1161 3535 1282 3599 mixtae

182 3661 254 3705 esse
278 3650 332 3705 aut
356 3641 486 3707 alterius
516 3642 647 3731 generis
672 3643 826 3732 epistulae
848 3645 1056 3727 antecedere,
1089 3642 1180 3730 sequi
1205 3643 1281 3709 alte·

178 3750 246 3813 rius
272 3772 395 3817 omnes.
420 3749 486 3831 Iam
503 3751 558 3819 ubi
580 3752 661 3818 illud
683 3754 798 3819 factum
813 3764 888 3835 erat,
910 3753 944 3817 in
968 3755 1129 3841 excerptis
1152 3761 1183 3817 et
1203 3751 1287 3839 ipsis⁴

181 3857 340 3945 epistulae
358 3860 549 3927 commixtae
562 3871 644 3944 sunt,
666 3862 839 3929 ubiautem
850 3864 986 3929 alterum
999 3883 1104 3949 genus
1120 3865 1159 3931 ab
1181 3861 1287 3933 altero

185 4004 383 4021 Μ-

239 4100 377 4172 servia
396 4102 495 4158 Haakh
512 4103 555 4158 iu:
577 4104 672 4173 Pauly,
692 4100 923 4176 Real-lilncyclop.
942 4102 990 4161 u.
1009 4107 1035 4161 2.
1054 4104 1183 4176 passos
1194 4121 1235 4176 sq.
1255 4109 1285 4160 et

184 4194 272 4253 Orelli
286 4204 423 4254 onomast.
442 4199 514 4257 Tull.
532 4199 565 4254 Il.
585 4218 632 4271 pg.
643 4202 695 4256 620
715 4219 739 4254 e.
757 4220 783 4269 q.
802 4220 823 4255 s.
