3038 4786
785 300 808 362 6

246 480 1344 567 emuniuimmmwcemun

246 600 667 676 rnmnumerumsuperst
710 589 932 676 Qu'nigitur,
955 591 1344 675 quilruueh'brumcum

247 698 361 764 ceteris
381 697 464 761 nihil
484 719 654 762 commune
673 697 840 762 sedsuum
859 698 1101 783 potimcrben,
1120 698 1344 778 utitnrlinm,

245 829 307 894 per
326 828 363 871 sc
383 808 563 873 ubsolumm
585 807 834 887 lrslsereuidest,
854 807 1079 873 nihilominus
1100 828 1344 873 mmmm

246 916 380 1002 reliquis
398 920 439 983 ab
461 916 579 981 codem
598 917 875 989 conlectumesse
894 916 1095 981 contendat?

329 1023 401 1093 Sed
421 1025 481 1093 etsi
509 1025 717 1109 epistularum
738 1025 781 1088 ad
803 1025 1000 1090 fsmlibrm
1024 1026 1058 1089 in
1088 1026 1255 1112 complure
1275 1049 1344 1092 cor-

248 1157 329 1222 pora
350 1134 545 1198 diuidendos
575 1155 648 1198 esse
672 1133 901 1219 cognominus,
932 1142 1041 1198 terum
1059 1134 1167 1200 sdlruc
1184 1157 1246 1200 nec
1267 1145 1346 1219 quot

248 1265 386 1328 corpore
406 1251 516 1308 essent
533 1241 770 1322 intelleximus,
800 1264 909 1326 neque
930 1242 1125 1328 ubicuique
1153 1245 1248 1308 lium.
1298 1243 1346 1306 At

246 1352 402 1416 hocloco
430 1372 470 1414 eo
499 1350 601 1435 magis
621 1350 760 1414 refutem
781 1358 908 1435 oportet
928 1350 1144 1416 coniecturam
1175 1352 1344 1445 qmndsm,

247 1459 335 1545 quod
353 1458 461 1540 hebet,
483 1480 547 1543 quo
567 1479 605 1523 se
626 1458 838 1523 commendet.
880 1458 946 1522 Vbi
965 1458 1053 1522 euim
1072 1480 1172 1543 supra
1191 1459 1344 1544 epistula

246 1566 609 1650 attuli,queeabaliis
640 1565 1344 1652 sdcundemuirumabcodemscriptis

246 1676 408 1741 seiunctae
429 1685 518 1755 sunt,
541 1674 685 1739 consulto
710 1673 749 1738 iu
767 1683 973 1760 conspectum
993 1673 1087 1737 illum
1103 1673 1259 1738 nonnulla
1278 1696 1346 1739 non

244 1783 365 1870 recepi,
388 1806 469 1869 quse
487 1805 573 1849 nunc
594 1782 756 1848 tractanda
777 1791 860 1846 sunt.
912 1780 996 1846 Nem
1024 1792 1097 1847 octo
1118 1782 1174 1846 ills
1194 1783 1345 1869 exemplu

246 1893 291 1957 its
309 1902 490 1979 comparata
508 1900 591 1973 sunt,
612 1901 648 1955 ut
667 1890 821 1975 epistulae
840 1892 880 1956 ab
909 1890 1027 1955 eodem
1045 1891 1117 1954 uiro
1140 1892 1182 1956 sd
1203 1890 1342 1955 eundem

246 2002 383 2086 scriptae
402 2001 437 2066 iu
458 2002 593 2066 diuersis
614 2000 707 2066 libris
723 2000 949 2080 inueniuntur,
977 2022 1056 2084 quas
1078 1999 1210 2084 quidem
1229 2022 1343 2064 omnes

245 2110 404 2176 recensui.
445 2108 514 2176 Sed
535 2132 724 2194 quamquem
745 2108 852 2173 minus
865 2109 976 2194 louge,
997 2108 1156 2173 recedunt
1174 2117 1283 2174 temen
1301 2109 1341 2174 rb

246 2219 303 2284 illa
325 2218 595 2304 disponendarum
618 2217 824 2301 epistularum
844 2218 961 2302 reguis
981 2240 1044 2282 nou
1065 2217 1180 2298 solum,
1202 2239 1284 2303 quse
1300 2220 1341 2283 ab

247 2326 363 2393 eodem
391 2327 433 2391 ed
464 2326 602 2392 eundem
622 2325 759 2410 scriptae
786 2326 821 2389 in
852 2327 968 2391 eodem
999 2327 1129 2412 quidem
1154 2327 1259 2406 libro,
1281 2326 1341 2390 sed

246 2436 381 2502 eliorum
399 2435 543 2521 epistulis
563 2435 736 2501 interiectis
758 2437 929 2522 leguntur,
956 2438 1016 2502 sed
1036 2438 1131 2502 etiem
1156 2438 1184 2501 si
1204 2435 1340 2500 diuersis

245 2545 324 2610 locis
346 2546 571 2630 reperiuntur,
606 2568 739 2630 quarum
760 2546 862 2610 altere
890 2570 966 2633 psrs
986 2550 1026 2612 ab
1052 2547 1111 2611 illo
1139 2545 1257 2632 scriptu
1278 2554 1336 2625 est,

249 2653 299 2719 cui
321 2656 417 2718 cussa
439 2662 487 2717 est
506 2653 613 2740 prior,
635 2655 731 2719 missa
750 2678 862 2720 rursus
883 2655 948 2737 illi,
980 2655 1035 2740 qui
1055 2657 1198 2741 priorem
1217 2664 1341 2739 partem

246 2762 316 2850 ipse
339 2762 475 2848 scripsit·
517 2762 607 2843 Quas
630 2786 740 2831 omnes
753 2766 794 2855 ¹³)
815 2767 878 2832 hoc
898 2777 1069 2854 conspectu
1094 2766 1257 2852 congessi:

254 2936 287 2944 ..-
302 2935 344 2940 ---
363 2933 435 2941 η...-

247 3053 341 3106 eutem
365 3050 414 3105 ille
432 3050 559 3106 Ciceroni
575 3056 685 3121 putrem
702 3071 820 3124 suesque
841 3054 928 3124 ipsius
948 3072 993 3108 res
1012 3054 1249 3123 commendasset,
1274 3054 1345 3108 hsce

247 3146 367 3218 epistula
385 3147 473 3201 nihilo
485 3146 576 3202 minus
593 3148 623 3204 in
635 3150 926 3205 commendaticiarum
935 3167 1083 3205 numerum
1095 3150 1256 3220 recipienda
1272 3153 1342 3202 erct.

250 3243 381 3298 Ceterum
401 3247 430 3298 et
448 3243 483 3298 de
501 3244 671 3314 reliquorum
687 3247 823 3301 librorum
845 3247 1016 3315 argumentis
1045 3252 1075 3299 et
1096 3247 1132 3299 de
1146 3244 1225 3298 tertii
1241 3242 1344 3296 decimi

246 3340 313 3396 libri
330 3344 445 3397 auctore
462 3342 537 3396 infre
554 3343 712 3400 accuratius
730 3341 895 3397 uidebimus.

317 3438 361 3509 13)
379 3437 435 3493 Cur
452 3437 483 3493 in
500 3439 595 3509 priore
614 3442 779 3508 conspectus
796 3440 878 3505 perte
900 3452 959 3489 uon
976 3432 1248 3499 commemcruuerim
1265 3432 1342 3489 Cieo-

245 3532 322 3588 ronis
342 3537 372 3588 et
390 3535 424 3588 D.
440 3534 502 3589 Iuni
519 3535 600 3589 Bruti
618 3538 726 3588 mutuus
744 3529 876 3600 epistulas
892 3529 940 3582 xl.
957 3530 1045 3585 4-26
1062 3545 1138 3598 esse,
1164 3529 1290 3585 siurim
1304 3531 1341 3586 D.

246 3629 317 3697 Iuni,
336 3630 387 3684 sed
403 3629 440 3684 cd
455 3630 495 3684 M.
514 3629 634 3683 Brutum
651 3632 681 3681 et
691 3626 815 3680 Cassium
832 3624 945 3679 missam
959 3624 998 3680 ib.
1016 3642 1060 3696 ep.
1070 3627 1096 3694 1,
1113 3626 1183 3680 item
1204 3627 1236 3681 iu
1252 3627 1342 3683 elisue

245 3730 327 3796 parte
345 3726 506 3781 Ciceronem
523 3723 560 3776 ed
575 3723 613 3776 Μ.
632 3721 750 3775 Brutum
767 3719 875 3776 misisse
891 3720 966 3776 XIIL
986 3722 1101 3789 10-14,
1120 3721 1245 3777 eiusdem
1261 3724 1342 3781 Bruti

246 3824 276 3874 et
297 3820 374 3875 Cassi
393 3817 429 3873 sd
441 3815 593 3871 Antonium
612 3831 673 3870 esse
689 3814 736 3869 XI.
756 3818 773 3872 2
793 3820 823 3869 et
839 3816 857 3872 3
875 3844 910 3855 -
927 3816 981 3872 hoc
997 3815 1079 3871 iscile
1096 3816 1274 3887 perspicitur,
1292 3834 1341 3871 ue·

247 3932 301 3985 que
319 3914 481 3983 attulissem,-
497 3911 553 3967 uisi
567 3929 604 3967 ne
624 3910 763 3983 quiddolo
780 3912 852 3966 mulo
869 3912 1092 3983 praetermisisse
1108 3912 1228 3967 uiderer.
1265 3910 1338 3980 Quid

247 4009 321 4064 euim
344 4009 378 4063 Ι).
402 4007 483 4062 Bruti
509 4007 636 4078 epistulis
663 4008 699 4064 ed
716 4008 876 4065 Ciceronem
900 4012 944 4063 est
967 4026 1031 4064 cum
1056 4025 1119 4078 epp.
1144 4005 1180 4062 sd
1205 4006 1339 4076 Casium,

247 4103 348 4174 quidue
358 4104 397 4160 M.
407 4104 488 4161 Bruti
505 4104 541 4160 ed
558 4105 710 4162 Antonium
725 4106 818 4161 missis
836 4116 900 4161 cum
912 4104 1055 4161 Ciceronis
1071 4103 1200 4173 epittnlit
1220 4105 1258 4159 ud
1275 4122 1342 4158 euu-

247 4198 309 4254 ‹lem
321 4199 459 4257 Brutum?
495 4202 587 4260 Nitio
604 4204 667 4276 plus
685 4202 813 4274 proiecte
831 4218 914 4273 quem
923 4200 1066 4258 Ciceros&
1080 4199 1209 4273 epirum
1223 4200 1341 4257 sitor-
