3038 4786
337 543 446 609 Restat
468 549 586 627 utque
609 550 755 627 tempore
771 539 937 607 Ciceronis
958 541 1113 627 epistulae
1135 550 1263 626 atquae
1283 541 1351 605 ele·-

253 660 316 717 ctas
337 652 492 718 habemus
516 650 654 733 millae,
678 650 826 736 equibus
846 673 947 737 pauca
962 659 1082 715 tantum
1104 651 1204 741 uerba
1225 649 1266 715 ad
1290 671 1351 715 nos

252 750 487 850 peruenerunt,
520 760 788 845 interierint,
828 781 1024 846 quaeramus.
1080 759 1215 825 Illorum
1244 768 1351 825 autom

252 872 464 959 scriptorum,
501 893 580 959 quos
605 868 770 938 Ciceronis
797 869 949 958 epistulas
980 868 1063 959 ipsas
1098 868 1204 933 adisse
1236 876 1352 955 putare

252 983 347 1065 lieet,
370 991 552 1070 postremus
580 981 650 1046 iere
673 978 793 1046 Fronto
817 1002 853 1045 se
876 978 1028 1067 epistulas
1051 978 1092 1043 ad
1113 977 1246 1060 Axium,
1268 977 1350 1047 Bru·

253 1102 330 1174 tum,
355 1091 434 1158 alios
458 1089 660 1178 excerpsisse
685 1096 912 1155 commemorat
927 1088 978 1174 82).
1002 1080 1084 1154 Cum
1105 1086 1204 1173 igitur
1227 1086 1268 1151 de
1289 1085 1347 1150 illo

252 1201 406 1287 temporis
427 1206 588 1267 momente
611 1197 689 1263 certi
710 1196 790 1263 nihil
811 1195 948 1282 amplius
972 1196 1127 1277 sciamus,
1153 1203 1259 1259 tamen
1282 1193 1348 1281 epi-

254 1311 361 1392 stulas,
385 1307 562 1394 dequibus
586 1307 729 1392 agimus,
759 1305 865 1389 baud
894 1307 950 1371 ita
976 1307 1102 1370 multo
1122 1312 1216 1392 post
1237 1302 1350 1371 Gelli

196 1472 201 1489 .
254 1427 435 1488 aetatem
456 1417 528 1484 ueri
550 1416 749 1482 simillimum
771 1424 819 1482 est
837 1415 883 1481 sic
902 1415 1066 1498 interisse,
1095 1422 1131 1480 ut
1156 1436 1262 1500 neque
1284 1437 1349 1479 am-

254 1529 339 1616 plius
360 1536 568 1594 tractarentur
589 1550 650 1594 nee
665 1526 933 1593 describerentur.
976 1522 1132 1613 Perpauei
1149 1524 1234 1590 enim
1257 1524 1351 1589 tertio

254 1662 286 1726 p.
310 1638 368 1704 Ch.
390 1640 501 1703 seculo
524 1647 613 1703 erant
631 1636 806 1702 litterarum
817 1635 961 1718 studiosi,
987 1635 1041 1720 qui
1060 1635 1162 1703 fontes
1175 1633 1264 1720 ipsos
1286 1633 1352 1698 adi·

254 1752 341 1828 rent;
366 1747 501 1832 quodsi
523 1747 593 1832 quis
617 1747 722 1812 iacere
744 1745 856 1828 uoluit,
881 1746 910 1810 ei
932 1745 989 1809 illa
1011 1744 1182 1827 electarum
1204 1742 1352 1829 epistula·

255 1879 326 1923 rum
348 1878 482 1944 corpora
504 1857 578 1921 satis
602 1855 769 1938 materiae,
803 1856 852 1921 cui
885 1863 917 1919 et
943 1854 1065 1921 facilius
1096 1862 1127 1919 et
1155 1853 1353 1921 commodius

257 1988 388 2054 operam
409 1975 553 2048 nauaret,
575 1967 803 2050 praebuerunt.
846 1965 927 2029 Inde
950 1965 1066 2031 iactum
1088 1970 1146 2044 est,
1159 1958 1203 2027 ut
1224 1983 1261 2029 ea
1282 1961 1352 2047 qui·

257 2079 317 2143 bus
339 2076 401 2140 iam
423 2074 549 2143 Gellius
577 2098 653 2155 usus
683 2082 767 2140 esset
804 2082 957 2160 excerpta
983 2073 1024 2137 ad
1046 2094 1105 2138 nos
1128 2070 1346 2158 peruenirent,

254 2185 370 2274 quibus
404 2183 559 2271 singulari
593 2184 751 2250 beneficio
784 2185 910 2249 fortuna
940 2181 1040 2248 libros
1072 2181 1281 2268 epistularum
1311 2180 1352 2244 ad
1422 2203 1425 2209 ·

231 2370 235 2380 ,
256 2296 397 2363 Atticum
410 2296 451 2383 ⁸⁸)
474 2296 607 2378 addidit,
629 2305 665 2361 ut
689 2318 730 2362 ex
753 2294 817 2361 illis
842 2303 943 2380 quot
956 2293 1106 2362 Ciceroni
1128 2292 1263 2358 lbissent
1284 2291 1350 2380 epi·

256 2405 409 2475 stularum
424 2404 623 2487 commercia,
645 2427 688 2470 ex
700 2403 750 2469 his
765 2403 911 2490 qualia
932 2402 1066 2469 fuissent
1077 2402 1223 2468 conicere
1233 2373 1351 2468 liceret.

326 2676 371 2744 82)
389 2674 465 2728 Loco
484 2674 593 2745 saepius
613 2675 750 2727 tractato:
770 2689 833 2742 epp.
852 2672 889 2724 ad
909 2666 1043 2723 Antonin.
1062 2662 1097 2721 ll.
1120 2671 1144 2723 5.

265 2764 287 2773 ”
328 2768 374 2838 83)
393 2770 461 2825 Sero
479 2788 541 2824 eum
557 2769 600 2823 his
625 2768 758 2839 epistulas
776 2764 811 2823 ad
829 2765 961 2835 Quintum
980 2766 1014 2818 fr.
1033 2764 1194 2818 coniunctas
1213 2780 1274 2817 esse
1292 2781 1357 2817 eum

254 2867 326 2923 orde
343 2867 430 2938 qualis
455 2870 499 2921 est
524 2858 554 2919 in
568 2866 633 2920 cod.
651 2860 725 2919 Med.
754 2864 799 2934 (ad
816 2862 856 2918 Ml
875 2860 993 2915 Brutum
1009 2856 1246 2928 libersingularis
1268 2888 1299 2894 -
1320 2846 1357 2912 ad

208 2972 211 2983 '
258 2966 289 3034 Q.
307 2965 385 3020 fratr.
403 2965 469 3020 libri
486 2963 526 3018 III
551 2993 586 3004 -
612 2962 733 3033 epistula
762 2960 797 3015 ad
816 2959 1010 3015 Octauianum·
1030 2988 1062 2997 -
1090 2955 1126 3009 ad
1143 2953 1270 3008 Atticum
1288 2953 1355 3008 libri

256 3058 328 3132 XVI)
349 3060 440 3127 docet,
454 3049 517 3116 tum
536 3077 605 3129 quae
625 3057 675 3112 Th.
683 3056 880 3112 Mommsenius
894 3054 933 3122 (in
941 3051 1105 3108 Zeitsebrift
1120 3050 1139 3105 f.
1146 3048 1355 3104 Alterthumsw.

258 3155 336 3214 1847.
354 3157 403 3212 Nr.
425 3159 467 3213 99.
485 3154 615 3228 pg.785.)
634 3154 802 3225 dispntmit,
824 3152 871 3223 qui
889 3151 918 3206 in
935 3149 1034 3205 codice
1052 3148 1203 3217 archetypo
1226 3145 1357 3215 epistula·

257 3272 319 3308 rum
337 3255 373 3308 ad
390 3253 517 3309 Atticum
535 3253 620 3307 alium
637 3269 767 3306 uersuum
785 3266 930 3304 numerum
948 3246 1063 3318 singulis
1084 3242 1195 3315 paginis
1213 3240 1297 3296 fuisse
1316 3246 1358 3296 at·

258 3368 311 3421 que
328 3350 358 3429 ip
377 3350 526 3421 archetypo
548 3366 611 3420 epp.
630 3348 665 3403 ad
683 3347 816 3417 Quintum
833 3347 866 3401 fr.
886 3345 948 3399 ueri
962 3342 1051 3398 simile
1064 3359 1129 3397 esse
1147 3338 1357 3395 demonstrauit.
