3038 4786
718 370 757 434 37

188 554 287 640 igitur
316 560 387 617 utra
411 574 519 618 caussa
543 552 685 619 Atticum
710 554 920 621 commeruerit
943 553 1061 620 audeat
1082 550 1289 617 diiudicare?

192 658 227 728 Si
251 659 341 745 prior
361 659 445 725 circa
464 681 581 725 anuum
607 659 836 741 IOCCXXIII,
858 659 909 725 sin
930 660 1030 725 altera
1052 666 1198 745 quattuor
1218 658 1309 749 fere¹

189 768 282 835 annis
311 776 407 834 antea
427 767 579 854 epistulas
610 769 651 834 ad
674 768 815 834 Atticum
843 768 1024 854 diuulgataa
1056 788 1128 833 esse
1159 788 1288 832 sumen·

192 876 269 943 d'um
290 887 349 943 est.
746 880 750 885 ’

235 984 305 1055 Sed
329 985 407 1073 quid
429 987 470 1053 de
492 986 557 1051 illis
577 960 668 1053 litiis
681 986 897 1070 πρωτοτύποις
913 990 1095 1069 statuemur,
1111 985 1198 1051 unde
1222 986 1288 1073 epi-

192 1096 299 1161 stulae
321 1095 362 1160 ad
383 1096 458 1160 fam.
481 1095 602 1161 electae
623 1096 723 1160 sunt?
760 1094 885 1161 'Vtrum
905 1095 1049 1178 bilibri,
1081 1116 1160 1181 quos
1179 1094 1288 1182 primi·

190 1204 307 1291 genios
330 1205 459 1270 breuius
483 1226 577 1290 quam
599 1206 715 1271 rectius
736 1205 814 1286 dixi,
836 1205 925 1292 prius
949 1225 1042 1288 quam
1064 1225 1138 1290 epp.
1161 1203 1203 1268 ad
1221 1202 1288 1267 Att.

193 1314 352 1399 diuulgati
374 1321 465 1396 sunt,
488 1335 529 1378 an
548 1314 685 1400 postea?
738 1311 835 1394 Quod
863 1313 892 1378 si
913 1312 1093 1400 quaerimus
1114 1311 1173 1377 uix
1195 1310 1287 1377 dubi·

193 1423 346 1511 tabimus,
380 1423 456 1508 quin
479 1420 603 1488 Atticus
629 1442 700 1489 oum
724 1421 923 1488 edendarum
949 1419 1115 1488 Ciceronis
1139 1421 1288 1508 epistula·

191 1555 264 1598 rum
287 1531 454 1597 consilium
475 1531 613 1617 cepisset
630 1531 770 1617 primum
792 1531 942 1619 epistulas
961 1530 1003 1596 ad
1024 1550 1061 1596 se
1082 1531 1187 1618 ipsum
1211 1530 1286 1596 mis-

191 1663 242 1706 sus
266 1640 300 1705 in
323 1631 486 1706 uolumina
496 1639 671 1726 redegerit,
692 1639 812 1726 quippe
835 1661 912 1726 quas
929 1639 972 1705 ad
992 1662 1122 1706 manum
1142 1639 1286 1704 haberet.

192 1747 275 1814 Cum
306 1756 411 1813 autem
443 1748 493 1812 his
523 1747 673 1834 perfectis
706 1747 761 1812 uel
784 1747 839 1812 tris
868 1748 922 1813 uel
945 1747 1039 1812 etiam
1058 1747 1170 1836 plures
1189 1768 1289 1812 annos

189 1858 224 1922 in
244 1856 310 1922 uita
333 1855 478 1943 casseu),
500 1856 573 1921 satis
592 1855 746 1943 temporis
769 1856 838 1938 fuit,
859 1878 922 1939 quo
944 1856 1117 1942 plerosque
1140 1855 1288 1942 epistula·

190 1988 263 2032 rum
284 1965 383 2032 libros
396 1963 436 2050 ⁷⁵)
459 1988 530 2029 oum
549 1984 661 2045 earum
674 1986 751 2050 quas
763 1964 880 2030 electas
894 1965 1059 2046 habemus,
1081 1974 1148 2030 tum
1162 1965 1289 2033 illarum

191 2096 325 2160 quarum
345 2073 425 2139 nihil
448 2073 510 2139 nisi
534 2073 663 2139 nomina
684 2074 729 2139 eis
752 2073 904 2159 inscripta
920 2074 960 2139 ad
982 2096 1040 2139 nos
1055 2083 1285 2161 peruenerunt,

111 2208 117 2217 ’
192 2183 383 2268 conligeret,
405 2190 442 2247 ut
461 2181 554 2267 pauci
575 2190 695 2248 tantum
709 2181 782 2248 libri
805 2202 848 2246 ex
870 2182 1005 2247 aliorum
1019 2182 1156 2248 officinis
1177 2192 1289 2269 postea

190 2291 370 2380 prodirent.
415 2290 526 2376 Itaque
545 2292 655 2378 paucis
678 2290 768 2354 aunis
791 2299 844 2355 aut
865 2297 937 2354 ante
960 2288 1059 2355 Attici
1079 2299 1215 2355 mortem
1237 2300 1290 2358 aut

190 2406 266 2490 post
287 2400 354 2466 eius
379 2400 501 2467 obitum
523 2399 599 2466 libri
622 2399 798 2486 dequibus
822 2398 947 2485 agimus
969 2408 1043 2465 sunt
1064 2399 1151 2465 editi.
1196 2398 1288 2481 Quae

192 2531 265 2577 oum
286 2510 329 2575 ita
345 2508 414 2575 sint
431 2532 497 2577 non
517 2509 651 2577 multum
675 2509 869 2591 errabimus,
900 2509 934 2583 si,
950 2502 1176 2577 Ciceronis
1199 2510 1289 2597 epi·

191 2618 328 2685 stulas
358 2616 567 2685 decennio
596 2617 677 2682 illo
708 2618 820 2687 intus
846 2639 974 2683 annos
1000 2616 1220 2688 IOCCXV.
1250 2629 1290 2684 et

190 2725 446 2795 ICCCXXV.
466 2726 709 2814 diuulgatas
734 2748 824 2795 esse
846 2728 1022 2794 satuimus.

275 2835 365 2902 Haec
384 2835 493 2919 hebui,
516 2837 656 2922 quaetio
676 2835 809 2919 ratione,
832 2859 892 2922 qua
902 2836 1066 2904 Ciceronis
1081 2838 1289 2925 epistularum

190 2945 265 3010 libri
295 2945 355 3009 orti
388 2953 513 3024 essent,
545 2946 741 3029 proferrem3
771 2953 869 3010 restat
889 2945 1006 3031 igitur,
1042 2968 1112 3011 cum
1143 2946 1220 3032 quid
1243 2946 1288 3012 eis

193 3050 292 3117 altero
315 3076 346 3140 p.
362 3050 423 3120 Ch.
443 3076 474 3117 n.
498 3052 607 3118 seculo
634 3052 803 3118 accidisset
827 3053 890 3118 iam
911 3076 1008 3140 supra
1029 3053 1288 3140 explicuerimus,

191 3170 227 3228 ut
249 3183 349 3248 quae
380 3183 518 3228 eorum
550 3170 593 3228 et
622 3171 750 3229 antea
778 3171 819 3229 et
839 3170 988 3250 postea
1017 3165 1102 3230 fata
1125 3164 1290 3231 fuerint

190 3269 367 3338 uideamus.
410 3269 480 3341 Sed
503 3293 597 3359 quam
619 3295 722 3358 pauca
745 3293 787 3337 ex
808 3272 857 3338 his
880 3272 949 3338 fatis
964 3272 1090 3360 cognita
1113 3273 1288 3340 habemus!

188 3380 280 3449 Nihil
299 3382 443 3469 proiecto
462 3380 592 3465 scimus,
613 3382 676 3447 nisi
697 3382 752 3469 qui
772 3382 893 3469 antiqui
913 3383 1085 3470 scriptores
1106 3385 1199 3450 nobis
1221 3405 1287 3451 ser·

189 3491 254 3555 uati
277 3512 437 3577 quemquo
450 3490 615 3559 Ciceronis
636 3492 844 3580 epistularum
866 3492 985 3559 librum
1005 3514 1071 3559 non
1093 3502 1155 3560 tam
1176 3501 1287 3561 bacm-

190 3598 305 3680 uerint,
330 3618 425 3683 quam
445 3621 481 3665 se
505 3607 658 3668 tramasse
676 3601 739 3687 ipsi
761 3604 926 3668 iateaumr.
968 3601 1079 3689 Itaque
1097 3602 1177 3670 haec
1199 3604 1287 3670 testi-

190 3910 193 3916 *
260 3885 305 3956 74)
320 3885 397 3943 Nihil
414 3885 488 3942 enim
511 3885 566 3941 uisi
591 3886 724 3957 epistulas
753 3886 789 3942 ad
808 3886 869 3943 Att.
893 3905 918 3943 a.
939 3886 1131 3943 loccxvmr.
1148 3887 1206 3943 iam
1222 3902 1287 3945 oon·

116 3978 123 3988 '
188 3982 276 4038 lectur
295 3981 408 4038 fuisse
425 3982 536 4038 sumus
1200 3996 1203 4002 “

258 4076 304 4149 75)
318 4074 413 4150 Nepos
430 4079 536 4135 uerbis:
562 4094 621 4148 ,suc
636 4079 733 4137 librus‘
752 4098 776 4136 e.
794 4090 827 4152 q.
840 4096 861 4136 s.
888 4082 917 4151 (l.
936 4094 1035 4136 comm.
1054 4083 1096 4137 16.
1117 4082 1144 4153 ὃ)
1169 4100 1227 4138 non
1250 4083 1286 4138 ad

187 4175 239 4231 hor
255 4174 438 4248 epistularum
455 4176 543 4232 libros
561 4176 696 4248 respexit,
715 4177 765 4232 sed
784 4177 922 4250 cogitauit
939 4176 975 4233 do
986 4178 1083 4246 Bruto,
1102 4177 1207 4247 Laelio,
1224 4179 1287 4234 eliis

189 4271 235 4341 (ol.
254 4270 362 4329 Orator.
381 4274 424 4330 34.
443 4271 705 4344 laudarunt.
725 4275 839 4343 1.1,2.
859 4273 960 4344 tat).
