<?xml version="1.0" encoding="UTF-8"?>
<!DOCTYPE html PUBLIC "-//W3C//DTD XHTML 1.0 Transitional//EN"
    "http://www.w3.org/TR/xhtml1/DTD/xhtml1-transitional.dtd">
<html xmlns="http://www.w3.org/1999/xhtml" xml:lang="en" lang="en">
 <head>
  <title>
</title>
<meta http-equiv="Content-Type" content="text/html;charset=utf-8" />
  <meta name='ocr-system' content='tesseract 3.04.00' />
  <meta name='ocr-capabilities' content='ocr_page ocr_carea ocr_par ocr_line ocrx_word'/>
</head>
<body>
  <div class='ocr_page' id='page_1' title='image "./historiacritica01nakegoog_0045.png"; bbox 0 0 3038 4786; ppageno 0'>
   <div class='ocr_carea' id='block_1_1' title="bbox 785 339 827 406">
    <p class='ocr_par' dir='ltr' id='par_1_1' title="bbox 785 339 827 406">
     <span class='ocr_line' id='line_1_1' title="bbox 785 339 827 406; baseline 0 0"><span class='ocrx_word' id='word_1_1' title='bbox 785 339 827 406; x_wconf 78' lang='lat'><strong>34</strong></span> 
     </span>
    </p>
   </div>
   <div class='ocr_carea' id='block_1_2' title="bbox 255 520 1466 608">
    <p class='ocr_par' dir='ltr' id='par_1_2' title="bbox 255 520 1466 608">
     <span class='ocr_line' id='line_1_2' title="bbox 255 520 1466 608; baseline -0.002 -19"><span class='ocrx_word' id='word_1_2' title='bbox 255 524 349 590; x_wconf 87' lang='lat' dir='ltr'><strong>sisset</strong></span> <span class='ocrx_word' id='word_1_3' title='bbox 370 543 408 588; x_wconf 85' lang='lat' dir='ltr'><strong>aa</strong></span> <span class='ocrx_word' id='word_1_4' title='bbox 428 520 630 608; x_wconf 81' lang='lat' dir='ltr'><strong>diuulgaret,</strong></span> <span class='ocrx_word' id='word_1_5' title='bbox 663 543 757 607; x_wconf 84' lang='lat' dir='ltr'><strong>quam</strong></span> <span class='ocrx_word' id='word_1_6' title='bbox 779 523 819 586; x_wconf 93' lang='lat' dir='ltr'><strong>ob</strong></span> <span class='ocrx_word' id='word_1_7' title='bbox 841 543 983 587; x_wconf 84' lang='lat' dir='ltr'><strong>caussam</strong></span> <span class='ocrx_word' id='word_1_8' title='bbox 1005 520 1061 589; x_wconf 86' lang='lat' dir='ltr'><strong>ille</strong></span> <span class='ocrx_word' id='word_1_9' title='bbox 1091 521 1231 606; x_wconf 78' lang='lat' dir='ltr'><strong>(adata</strong></span> <span class='ocrx_word' id='word_1_10' title='bbox 1255 521 1351 587; x_wconf 87' lang='lat' dir='ltr'><strong>XIII.</strong></span> <span class='ocrx_word' id='word_1_11' title='bbox 1463 552 1466 559; x_wconf 93' lang='lat'>·</span> 
     </span>
    </p>
   </div>
   <div class='ocr_carea' id='block_1_3' title="bbox 192 628 1438 3222">
    <p class='ocr_par' dir='ltr' id='par_1_3' title="bbox 255 628 1435 2245">
     <span class='ocr_line' id='line_1_3' title="bbox 256 628 1355 719; baseline -0.001 -21"><span class='ocrx_word' id='word_1_12' title='bbox 256 632 307 698; x_wconf 77' lang='lat'><strong>21.</strong></span> <span class='ocrx_word' id='word_1_13' title='bbox 328 633 393 719; x_wconf 81' lang='lat'><strong>4.):</strong></span> <span class='ocrx_word' id='word_1_14' title='bbox 414 628 489 713; x_wconf 86' lang='lat' dir='ltr'><strong>,Dic</strong></span> <span class='ocrx_word' id='word_1_15' title='bbox 510 630 601 696; x_wconf 85' lang='lat' dir='ltr'><strong>mihi‘</strong></span> <span class='ocrx_word' id='word_1_16' title='bbox 629 630 730 716; x_wconf 86' lang='lat' dir='ltr'><strong>inquit</strong></span> <span class='ocrx_word' id='word_1_17' title='bbox 760 630 919 717; x_wconf 83' lang='lat' dir='ltr'><strong>,placetne</strong></span> <span class='ocrx_word' id='word_1_18' title='bbox 939 629 997 696; x_wconf 91' lang='lat' dir='ltr'><strong>tibi</strong></span> <span class='ocrx_word' id='word_1_19' title='bbox 1020 633 1158 716; x_wconf 86' lang='lat' dir='ltr'><strong>primum</strong></span> <span class='ocrx_word' id='word_1_20' title='bbox 1180 630 1280 696; x_wconf 87' lang='lat' dir='ltr'><strong>edere</strong></span> <span class='ocrx_word' id='word_1_21' title='bbox 1304 632 1355 697; x_wconf 89' lang='lat' dir='ltr'><strong>in-</strong></span> 
     </span>
     <span class='ocr_line' id='line_1_4' title="bbox 255 720 1358 827; baseline 0.001 -22"><span class='ocrx_word' id='word_1_22' title='bbox 255 742 342 809; x_wconf 82' lang='lat' dir='ltr'><strong>iussu</strong></span> <span class='ocrx_word' id='word_1_23' title='bbox 365 743 461 810; x_wconf 81' lang='lat' dir='ltr'><strong>meo?</strong></span> <span class='ocrx_word' id='word_1_24' title='bbox 503 740 575 807; x_wconf 87' lang='lat' dir='ltr'><strong>Hoc</strong></span> <span class='ocrx_word' id='word_1_25' title='bbox 594 762 636 806; x_wconf 87' lang='lat' dir='ltr'><strong>ue</strong></span> <span class='ocrx_word' id='word_1_26' title='bbox 657 739 880 806; x_wconf 82' lang='lat' dir='ltr'><strong>Hermodorus</strong></span> <span class='ocrx_word' id='word_1_27' title='bbox 894 740 1031 824; x_wconf 79' lang='lat' dir='ltr'><strong>¹quidam</strong></span> <span class='ocrx_word' id='word_1_28' title='bbox 1061 720 1266 821; x_wconf 69' lang='lat' dir='ltr'><strong>faciebatis,</strong></span> <span class='ocrx_word' id='word_1_29' title='bbox 1299 743 1358 827; x_wconf 86' lang='lat' dir='ltr'><strong>qui</strong></span> 
     </span>
     <span class='ocr_line' id='line_1_5' title="bbox 256 847 1352 936; baseline 0.001 -21"><span class='ocrx_word' id='word_1_30' title='bbox 256 849 397 917; x_wconf 82' lang='lat' dir='ltr'><strong>Platonis</strong></span> <span class='ocrx_word' id='word_1_31' title='bbox 427 851 526 917; x_wconf 90' lang='lat' dir='ltr'><strong>libros</strong></span> <span class='ocrx_word' id='word_1_32' title='bbox 555 850 666 915; x_wconf 82' lang='lat' dir='ltr'><strong>solitus</strong></span> <span class='ocrx_word' id='word_1_33' title='bbox 689 858 737 915; x_wconf 87' lang='lat' dir='ltr'><strong>est</strong></span> <span class='ocrx_word' id='word_1_34' title='bbox 758 850 929 936; x_wconf 76' lang='lat' dir='ltr'><strong>diuulgare</strong></span> <span class='ocrx_word' id='word_1_35' title='bbox 953 871 981 914; x_wconf 87' lang='lat' dir='ltr'><strong>e.</strong></span> <span class='ocrx_word' id='word_1_36' title='bbox 1005 871 1035 934; x_wconf 91' lang='lat' dir='ltr'><strong>q.</strong></span> <span class='ocrx_word' id='word_1_37' title='bbox 1057 854 1095 913; x_wconf 71' lang='lat' dir='ltr'><strong>s!</strong></span> <span class='ocrx_word' id='word_1_38' title='bbox 1145 847 1256 934; x_wconf 76' lang='lat' dir='ltr'><strong>ltaque</strong></span> <span class='ocrx_word' id='word_1_39' title='bbox 1279 872 1352 916; x_wconf 87' lang='lat' dir='ltr'><strong>cum</strong></span> 
     </span>
     <span class='ocr_line' id='line_1_6' title="bbox 256 954 1394 1045; baseline 0.001 -21"><span class='ocrx_word' id='word_1_40' title='bbox 256 958 434 1042; x_wconf 89' lang='lat' dir='ltr'><strong>uideamus,</strong></span> <span class='ocrx_word' id='word_1_41' title='bbox 455 959 595 1025; x_wconf 83' lang='lat' dir='ltr'><strong>Atticum</strong></span> <span class='ocrx_word' id='word_1_42' title='bbox 617 959 692 1023; x_wconf 89' lang='lat' dir='ltr'><strong>uiuo</strong></span> <span class='ocrx_word' id='word_1_43' title='bbox 715 954 873 1024; x_wconf 76' lang='lat' dir='ltr'>Cicerone</span> <span class='ocrx_word' id='word_1_44' title='bbox 900 957 1017 1042; x_wconf 86' lang='lat' dir='ltr'><strong>scripta</strong></span> <span class='ocrx_word' id='word_1_45' title='bbox 1047 957 1116 1023; x_wconf 86' lang='lat' dir='ltr'><strong>eius</strong></span> <span class='ocrx_word' id='word_1_46' title='bbox 1140 957 1281 1045; x_wconf 82' lang='lat' dir='ltr'><strong>edidisse</strong></span> <span class='ocrx_word' id='word_1_47' title='bbox 1303 959 1354 1025; x_wconf 91' lang='lat' dir='ltr'><strong>id·</strong></span> <span class='ocrx_word' id='word_1_48' title='bbox 1386 1010 1394 1015; x_wconf 88' lang='lat'>-</span> 
     </span>
     <span class='ocr_line' id='line_1_7' title="bbox 257 1066 1355 1154; baseline 0.002 -21"><span class='ocrx_word' id='word_1_49' title='bbox 257 1090 319 1154; x_wconf 89' lang='lat' dir='ltr'><strong>que</strong></span> <span class='ocrx_word' id='word_1_50' title='bbox 339 1076 403 1134; x_wconf 87' lang='lat' dir='ltr'><strong>tam</strong></span> <span class='ocrx_word' id='word_1_51' title='bbox 422 1067 574 1149; x_wconf 81' lang='lat' dir='ltr'><strong>studiose,</strong></span> <span class='ocrx_word' id='word_1_52' title='bbox 595 1078 691 1133; x_wconf 86' lang='lat' dir='ltr'><strong>utne</strong></span> <span class='ocrx_word' id='word_1_53' title='bbox 713 1076 883 1152; x_wconf 83' lang='lat' dir='ltr'><strong>quaereret</strong></span> <span class='ocrx_word' id='word_1_54' title='bbox 904 1067 1045 1152; x_wconf 89' lang='lat' dir='ltr'><strong>quidem,</strong></span> <span class='ocrx_word' id='word_1_55' title='bbox 1065 1089 1142 1131; x_wconf 90' lang='lat' dir='ltr'><strong>num</strong></span> <span class='ocrx_word' id='word_1_56' title='bbox 1164 1066 1219 1132; x_wconf 90' lang='lat' dir='ltr'><strong>ille</strong></span> <span class='ocrx_word' id='word_1_57' title='bbox 1242 1089 1355 1135; x_wconf 84' lang='lat' dir='ltr'><strong>conce·</strong></span> 
     </span>
     <span class='ocr_line' id='line_1_8' title="bbox 260 1175 1435 1266; baseline 0.005 -25"><span class='ocrx_word' id='word_1_58' title='bbox 260 1175 351 1241; x_wconf 87' lang='lat' dir='ltr'><strong>deret</strong></span> <span class='ocrx_word' id='word_1_59' title='bbox 389 1175 477 1264; x_wconf 86' lang='lat' dir='ltr'><strong>(oum</strong></span> <span class='ocrx_word' id='word_1_60' title='bbox 511 1175 582 1240; x_wconf 86' lang='lat' dir='ltr'><strong>sine</strong></span> <span class='ocrx_word' id='word_1_61' title='bbox 611 1175 708 1242; x_wconf 86' lang='lat' dir='ltr'><strong>dubio</strong></span> <span class='ocrx_word' id='word_1_62' title='bbox 739 1177 837 1240; x_wconf 87' lang='lat' dir='ltr'><strong>multa</strong></span> <span class='ocrx_word' id='word_1_63' title='bbox 867 1178 1065 1264; x_wconf 84' lang='lat' dir='ltr'><strong>exemplaria</strong></span> <span class='ocrx_word' id='word_1_64' title='bbox 1104 1200 1205 1266; x_wconf 84' lang='lat' dir='ltr'><strong>eaque</strong></span> <span class='ocrx_word' id='word_1_65' title='bbox 1237 1202 1357 1265; x_wconf 80' lang='lat' dir='ltr'><strong>magno</strong></span> <span class='ocrx_word' id='word_1_66' title='bbox 1432 1234 1435 1237; x_wconf 86' lang='lat'><strong>.</strong></span> 
     </span>
     <span class='ocr_line' id='line_1_9' title="bbox 256 1284 1359 1383; baseline 0.004 -33"><span class='ocrx_word' id='word_1_67' title='bbox 256 1285 361 1371; x_wconf 81' lang='lat' dir='ltr'><strong>profic</strong></span> <span class='ocrx_word' id='word_1_68' title='bbox 382 1285 554 1372; x_wconf 83' lang='lat' dir='ltr'><strong>uenirent),</strong></span> <span class='ocrx_word' id='word_1_69' title='bbox 577 1285 674 1383; x_wconf 85' lang='lat' dir='ltr'><strong>Attici</strong></span> <span class='ocrx_word' id='word_1_70' title='bbox 697 1284 843 1353; x_wconf 80' lang='lat' dir='ltr'><strong>librarios</strong></span> <span class='ocrx_word' id='word_1_71' title='bbox 866 1308 904 1371; x_wconf 80' lang='lat' dir='ltr'><strong>ea</strong></span> <span class='ocrx_word' id='word_1_72' title='bbox 921 1286 1132 1374; x_wconf 84' lang='lat' dir='ltr'><strong>descripsisse</strong></span> <span class='ocrx_word' id='word_1_73' title='bbox 1144 1288 1187 1377; x_wconf 78' lang='lat'><strong>⁰⁴)</strong></span> <span class='ocrx_word' id='word_1_74' title='bbox 1215 1289 1359 1375; x_wconf 86' lang='lat' dir='ltr'><strong>(praeter</strong></span> 
     </span>
     <span class='ocr_line' id='line_1_10' title="bbox 258 1392 1357 1483; baseline 0.004 -25"><span class='ocrx_word' id='word_1_75' title='bbox 258 1402 381 1459; x_wconf 85' lang='lat' dir='ltr'><strong>eeteros</strong></span> <span class='ocrx_word' id='word_1_76' title='bbox 404 1392 596 1476; x_wconf 83' lang='lat' dir='ltr'><strong>Pharnaces,</strong></span> <span class='ocrx_word' id='word_1_77' title='bbox 612 1395 767 1476; x_wconf 79' lang='lat' dir='ltr'><strong>Antaeus,</strong></span> <span class='ocrx_word' id='word_1_78' title='bbox 785 1392 912 1461; x_wconf 80' lang='lat' dir='ltr'><strong>Saluius</strong></span> <span class='ocrx_word' id='word_1_79' title='bbox 923 1393 1089 1461; x_wconf 80' lang='lat' dir='ltr'><strong>Ciceronis</strong></span> <span class='ocrx_word' id='word_1_80' title='bbox 1112 1397 1265 1483; x_wconf 89' lang='lat' dir='ltr'><strong>operibus</strong></span> <span class='ocrx_word' id='word_1_81' title='bbox 1279 1419 1357 1483; x_wconf 88' lang='lat' dir='ltr'><strong>ope·</strong></span> 
     </span>
     <span class='ocr_line' id='line_1_11' title="bbox 255 1501 1357 1591; baseline 0.004 -25"><span class='ocrx_word' id='word_1_82' title='bbox 255 1523 324 1567; x_wconf 84' lang='lat' dir='ltr'><strong>ram</strong></span> <span class='ocrx_word' id='word_1_83' title='bbox 345 1523 480 1567; x_wconf 84' lang='lat' dir='ltr'><strong>nauasse</strong></span> <span class='ocrx_word' id='word_1_84' title='bbox 501 1502 652 1568; x_wconf 86' lang='lat' dir='ltr'><strong>uidentur</strong></span> <span class='ocrx_word' id='word_1_85' title='bbox 662 1501 722 1587; x_wconf 75' lang='lat'><strong>⁶⁸):</strong></span> <span class='ocrx_word' id='word_1_86' title='bbox 752 1525 794 1567; x_wconf 91' lang='lat' dir='ltr'><strong>ex</strong></span> <span class='ocrx_word' id='word_1_87' title='bbox 818 1501 962 1569; x_wconf 86' lang='lat' dir='ltr'><strong>eiusdem</strong></span> <span class='ocrx_word' id='word_1_88' title='bbox 983 1503 1117 1570; x_wconf 86' lang='lat' dir='ltr'><strong>Attici</strong></span> <span class='ocrx_word' id='word_1_89' title='bbox 1143 1504 1212 1591; x_wconf 87' lang='lat' dir='ltr'><strong>(qui</strong></span> <span class='ocrx_word' id='word_1_90' title='bbox 1235 1504 1357 1570; x_wconf 82' lang='lat' dir='ltr'><strong>nullam</strong></span> 
     </span>
     <span class='ocr_line' id='line_1_12' title="bbox 258 1608 1356 1699; baseline 0.004 -25"><span class='ocrx_word' id='word_1_91' title='bbox 258 1608 338 1675; x_wconf 88' lang='lat' dir='ltr'><strong>lucri</strong></span> <span class='ocrx_word' id='word_1_92' title='bbox 351 1609 488 1676; x_wconf 86' lang='lat' dir='ltr'><strong>faciendi</strong></span> <span class='ocrx_word' id='word_1_93' title='bbox 500 1613 701 1681; x_wconf 60' lang='lat' dir='ltr'><strong>occasionum</strong></span> <span class='ocrx_word' id='word_1_94' title='bbox 714 1634 771 1676; x_wconf 87' lang='lat' dir='ltr'><strong>sua</strong></span> <span class='ocrx_word' id='word_1_95' title='bbox 786 1619 900 1697; x_wconf 89' lang='lat' dir='ltr'><strong>sponte</strong></span> <span class='ocrx_word' id='word_1_96' title='bbox 912 1613 1167 1697; x_wconf 76' lang='lat' dir='ltr'><strong>praetermittere</strong></span> <span class='ocrx_word' id='word_1_97' title='bbox 1181 1614 1356 1699; x_wconf 63' lang='lat' dir='ltr'><strong>solebatli)</strong></span> 
     </span>
     <span class='ocr_line' id='line_1_13' title="bbox 259 1720 1357 1809; baseline 0.003 -24"><span class='ocrx_word' id='word_1_98' title='bbox 259 1720 386 1786; x_wconf 82' lang='lat' dir='ltr'><strong>officina</strong></span> <span class='ocrx_word' id='word_1_99' title='bbox 410 1743 475 1785; x_wconf 92' lang='lat' dir='ltr'><strong>non</strong></span> <span class='ocrx_word' id='word_1_100' title='bbox 496 1722 601 1787; x_wconf 87' lang='lat' dir='ltr'><strong>solum</strong></span> <span class='ocrx_word' id='word_1_101' title='bbox 613 1721 765 1808; x_wconf 88' lang='lat' dir='ltr'><strong>epistulas</strong></span> <span class='ocrx_word' id='word_1_102' title='bbox 787 1721 826 1786; x_wconf 91' lang='lat' dir='ltr'><strong>ad</strong></span> <span class='ocrx_word' id='word_1_103' title='bbox 849 1721 935 1787; x_wconf 90' lang='lat' dir='ltr'><strong>hune</strong></span> <span class='ocrx_word' id='word_1_104' title='bbox 954 1722 1060 1809; x_wconf 89' lang='lat' dir='ltr'><strong>ipsum</strong></span> <span class='ocrx_word' id='word_1_105' title='bbox 1075 1723 1198 1806; x_wconf 84' lang='lat' dir='ltr'><strong>missas,</strong></span> <span class='ocrx_word' id='word_1_106' title='bbox 1222 1724 1281 1789; x_wconf 86' lang='lat' dir='ltr'><strong>sed</strong></span> <span class='ocrx_word' id='word_1_107' title='bbox 1305 1746 1357 1791; x_wconf 81' lang='lat' dir='ltr'><strong>ce-</strong></span> 
     </span>
     <span class='ocr_line' id='line_1_14' title="bbox 257 1829 1359 1918; baseline 0.004 -25"><span class='ocrx_word' id='word_1_108' title='bbox 257 1838 341 1895; x_wconf 86' lang='lat' dir='ltr'><strong>teras</strong></span> <span class='ocrx_word' id='word_1_109' title='bbox 361 1850 490 1916; x_wconf 86' lang='lat' dir='ltr'><strong>quoque</strong></span> <span class='ocrx_word' id='word_1_110' title='bbox 511 1829 565 1894; x_wconf 87' lang='lat' dir='ltr'><strong>uel</strong></span> <span class='ocrx_word' id='word_1_111' title='bbox 593 1851 703 1895; x_wconf 83' lang='lat' dir='ltr'><strong>omnes</strong></span> <span class='ocrx_word' id='word_1_112' title='bbox 726 1831 780 1895; x_wconf 90' lang='lat' dir='ltr'><strong>ual</strong></span> <span class='ocrx_word' id='word_1_113' title='bbox 806 1829 905 1914; x_wconf 81' lang='lat' dir='ltr'><strong>longe</strong></span> <span class='ocrx_word' id='word_1_114' title='bbox 928 1830 1097 1896; x_wconf 85' lang='lat' dir='ltr'><strong>maximam</strong></span> <span class='ocrx_word' id='word_1_115' title='bbox 1129 1840 1253 1918; x_wconf 89' lang='lat' dir='ltr'><strong>partem</strong></span> <span class='ocrx_word' id='word_1_116' title='bbox 1283 1853 1359 1917; x_wconf 89' lang='lat' dir='ltr'><strong>pro·</strong></span> 
     </span>
     <span class='ocr_line' id='line_1_15' title="bbox 260 1924 1359 2025; baseline 0.005 -25"><span class='ocrx_word' id='word_1_117' title='bbox 260 1934 345 2003; x_wconf 87' lang='lat' dir='ltr'><strong>disse</strong></span> <span class='ocrx_word' id='word_1_118' title='bbox 367 1956 494 2001; x_wconf 88' lang='lat' dir='ltr'><strong>sumere</strong></span> <span class='ocrx_word' id='word_1_119' title='bbox 517 1937 682 2003; x_wconf 86' lang='lat' dir='ltr'><strong>debemus.</strong></span> <span class='ocrx_word' id='word_1_120' title='bbox 728 1935 844 2017; x_wconf 82' lang='lat' dir='ltr'><strong>Quid?</strong></span> <span class='ocrx_word' id='word_1_121' title='bbox 865 1960 973 2003; x_wconf 89' lang='lat' dir='ltr'><strong>nonne</strong></span> <span class='ocrx_word' id='word_1_122' title='bbox 995 1959 1036 2003; x_wconf 75' lang='lat' dir='ltr'><strong>ex</strong></span> <span class='ocrx_word' id='word_1_123' title='bbox 1058 1939 1157 2025; x_wconf 87' lang='lat' dir='ltr'><strong>ipsius</strong></span> <span class='ocrx_word' id='word_1_124' title='bbox 1167 1938 1255 2005; x_wconf 80' lang='lat' dir='ltr'><strong>Tulli</strong></span> <span class='ocrx_word' id='word_1_125' title='bbox 1276 1924 1359 2025; x_wconf 77' lang='lat' dir='ltr'><strong>quae</strong></span> 
     </span>
     <span class='ocr_line' id='line_1_16' title="bbox 259 2046 1360 2136; baseline 0.004 -26"><span class='ocrx_word' id='word_1_126' title='bbox 259 2066 355 2132; x_wconf 88' lang='lat' dir='ltr'><strong>supra</strong></span> <span class='ocrx_word' id='word_1_127' title='bbox 375 2046 536 2113; x_wconf 87' lang='lat' dir='ltr'><strong>attulimus</strong></span> <span class='ocrx_word' id='word_1_128' title='bbox 557 2048 668 2113; x_wconf 88' lang='lat' dir='ltr'><strong>uerbis</strong></span> <span class='ocrx_word' id='word_1_129' title='bbox 697 2047 753 2135; x_wconf 90' lang='lat' dir='ltr'><strong>(ad</strong></span> <span class='ocrx_word' id='word_1_130' title='bbox 774 2049 840 2113; x_wconf 86' lang='lat' dir='ltr'><strong>Att.</strong></span> <span class='ocrx_word' id='word_1_131' title='bbox 860 2046 950 2113; x_wconf 88' lang='lat' dir='ltr'><strong>XVI.</strong></span> <span class='ocrx_word' id='word_1_132' title='bbox 970 2051 999 2116; x_wconf 82' lang='grc'><strong>5.</strong></span> <span class='ocrx_word' id='word_1_133' title='bbox 1024 2051 1061 2135; x_wconf 88' lang='grc'><strong>4)</strong></span> <span class='ocrx_word' id='word_1_134' title='bbox 1094 2071 1174 2136; x_wconf 89' lang='lat' dir='ltr'><strong>opus</strong></span> <span class='ocrx_word' id='word_1_135' title='bbox 1207 2059 1255 2115; x_wconf 84' lang='lat' dir='ltr'><strong>cst</strong></span> <span class='ocrx_word' id='word_1_136' title='bbox 1284 2072 1360 2116; x_wconf 88' lang='lat' dir='ltr'><strong>con·</strong></span> 
     </span>
     <span class='ocr_line' id='line_1_17' title="bbox 260 2136 1355 2245; baseline 0.005 -25"><span class='ocrx_word' id='word_1_137' title='bbox 260 2136 434 2238; x_wconf 52' lang='lat' dir='ltr'><strong>cludnm&#39;us,</strong></span> <span class='ocrx_word' id='word_1_138' title='bbox 458 2157 600 2222; x_wconf 89' lang='lat' dir='ltr'><strong>Atticum</strong></span> <span class='ocrx_word' id='word_1_139' title='bbox 620 2155 809 2223; x_wconf 80' lang='lat' dir='ltr'><strong>aOicerone</strong></span> <span class='ocrx_word' id='word_1_140' title='bbox 832 2166 867 2222; x_wconf 90' lang='lat' dir='ltr'><strong>ut</strong></span> <span class='ocrx_word' id='word_1_141' title='bbox 886 2159 1042 2244; x_wconf 87' lang='lat' dir='ltr'><strong>epistulae</strong></span> <span class='ocrx_word' id='word_1_142' title='bbox 1063 2159 1238 2225; x_wconf 88' lang='lat' dir='ltr'><strong>ederentur</strong></span> <span class='ocrx_word' id='word_1_143' title='bbox 1259 2180 1355 2245; x_wconf 87' lang='lat' dir='ltr'><strong>quae·</strong></span> 
     </span>
    </p>

    <p class='ocr_par' dir='ltr' id='par_1_4' title="bbox 192 2246 1438 3222">
     <span class='ocr_line' id='line_1_18' title="bbox 263 2246 1438 2362; baseline 0.004 -34"><span class='ocrx_word' id='word_1_144' title='bbox 263 2262 405 2329; x_wconf 78' lang='lat' dir='ltr'><strong>siuisse?</strong></span> <span class='ocrx_word' id='word_1_145' title='bbox 449 2262 547 2344; x_wconf 84' lang='lat' dir='ltr'><strong>Quod</strong></span> <span class='ocrx_word' id='word_1_146' title='bbox 568 2289 641 2332; x_wconf 90' lang='lat' dir='ltr'><strong>cum</strong></span> <span class='ocrx_word' id='word_1_147' title='bbox 664 2265 778 2333; x_wconf 83' lang='lat' dir='ltr'><strong>Cicero</strong></span> <span class='ocrx_word' id='word_1_148' title='bbox 800 2287 866 2331; x_wconf 88' lang='lat' dir='ltr'><strong>non</strong></span> <span class='ocrx_word' id='word_1_149' title='bbox 886 2267 1110 2349; x_wconf 73' lang='lat' dir='ltr'><strong>remansisset,</strong></span> <span class='ocrx_word' id='word_1_150' title='bbox 1134 2267 1291 2362; x_wconf 79' lang='lat' dir='ltr'><strong>uoluisset</strong></span> <span class='ocrx_word' id='word_1_151' title='bbox 1312 2276 1360 2333; x_wconf 85' lang='lat' dir='ltr'><strong>ts-</strong></span> <span class='ocrx_word' id='word_1_152' title='bbox 1432 2246 1438 2257; x_wconf 43' lang='lat'><strong><em>⁹</em></strong></span> 
     </span>
     <span class='ocr_line' id='line_1_19' title="bbox 192 2374 1356 2464; baseline 0.004 -27"><span class='ocrx_word' id='word_1_153' title='bbox 192 2444 196 2453; x_wconf 56' lang='grc'>,</span> <span class='ocrx_word' id='word_1_154' title='bbox 260 2394 336 2438; x_wconf 90' lang='lat' dir='ltr'><strong>men</strong></span> <span class='ocrx_word' id='word_1_155' title='bbox 355 2382 522 2457; x_wconf 85' lang='lat' dir='ltr'><strong>antequam</strong></span> <span class='ocrx_word' id='word_1_156' title='bbox 546 2374 791 2460; x_wconf 80' lang='lat' dir='ltr'><strong>diuulgarentur</strong></span> <span class='ocrx_word' id='word_1_157' title='bbox 813 2397 865 2440; x_wconf 86' lang='lat' dir='ltr'><strong>eas</strong></span> <span class='ocrx_word' id='word_1_158' title='bbox 876 2376 1062 2462; x_wconf 88' lang='lat' dir='ltr'><strong>perspicere</strong></span> <span class='ocrx_word' id='word_1_159' title='bbox 1074 2387 1167 2463; x_wconf 86' lang='lat' dir='ltr'><strong>atque</strong></span> <span class='ocrx_word' id='word_1_160' title='bbox 1186 2379 1356 2464; x_wconf 84' lang='lat' dir='ltr'><strong>conrigere</strong></span> 
     </span>
     <span class='ocr_line' id='line_1_20' title="bbox 262 2480 1353 2572; baseline 0.007 -26"><span class='ocrx_word' id='word_1_161' title='bbox 262 2480 311 2567; x_wconf 87' lang='lat' dir='ltr'><strong>(id</strong></span> <span class='ocrx_word' id='word_1_162' title='bbox 334 2482 420 2565; x_wconf 90' lang='lat' dir='ltr'><strong>quod</strong></span> <span class='ocrx_word' id='word_1_163' title='bbox 443 2504 517 2547; x_wconf 89' lang='lat' dir='ltr'><strong>eum</strong></span> <span class='ocrx_word' id='word_1_164' title='bbox 542 2483 703 2569; x_wconf 87' lang='lat' dir='ltr'><strong>perficere</strong></span> <span class='ocrx_word' id='word_1_165' title='bbox 732 2506 798 2548; x_wconf 91' lang='lat' dir='ltr'><strong>uon</strong></span> <span class='ocrx_word' id='word_1_166' title='bbox 826 2484 968 2569; x_wconf 87' lang='lat' dir='ltr'><strong>potuisse</strong></span> <span class='ocrx_word' id='word_1_167' title='bbox 992 2508 1089 2572; x_wconf 88' lang='lat' dir='ltr'><strong>supra</strong></span> <span class='ocrx_word' id='word_1_168' title='bbox 1110 2486 1353 2570; x_wconf 79' lang='lat' dir='ltr'><strong>intelleximus),</strong></span> 
     </span>
     <span class='ocr_line' id='line_1_21' title="bbox 260 2590 1359 2676; baseline 0.003 -22"><span class='ocrx_word' id='word_1_169' title='bbox 260 2590 323 2667; x_wconf 86' lang='lat' dir='ltr'><strong>hap</strong></span> <span class='ocrx_word' id='word_1_170' title='bbox 355 2590 452 2656; x_wconf 85' lang='lat' dir='ltr'><strong>dubie</strong></span> <span class='ocrx_word' id='word_1_171' title='bbox 478 2599 602 2656; x_wconf 89' lang='lat' dir='ltr'><strong>mortuo</strong></span> <span class='ocrx_word' id='word_1_172' title='bbox 633 2591 733 2657; x_wconf 89' lang='lat' dir='ltr'><strong>amico</strong></span> <span class='ocrx_word' id='word_1_173' title='bbox 755 2590 880 2656; x_wconf 87' lang='lat' dir='ltr'><strong>Atticus</strong></span> <span class='ocrx_word' id='word_1_174' title='bbox 901 2591 987 2676; x_wconf 88' lang='lat' dir='ltr'><strong>quod</strong></span> <span class='ocrx_word' id='word_1_175' title='bbox 1011 2593 1086 2657; x_wconf 90' lang='lat' dir='ltr'><strong>uiuo</strong></span> <span class='ocrx_word' id='word_1_176' title='bbox 1109 2593 1225 2658; x_wconf 85' lang='lat' dir='ltr'><strong>eodem</strong></span> <span class='ocrx_word' id='word_1_177' title='bbox 1247 2596 1359 2660; x_wconf 88' lang='lat' dir='ltr'><strong>uolue-</strong></span> 
     </span>
     <span class='ocr_line' id='line_1_22' title="bbox 263 2697 1362 2785; baseline 0.004 -23"><span class='ocrx_word' id='word_1_178' title='bbox 263 2709 312 2763; x_wconf 87' lang='lat' dir='ltr'><strong>rat</strong></span> <span class='ocrx_word' id='word_1_179' title='bbox 333 2698 477 2785; x_wconf 78' lang='lat' dir='ltr'><strong>perfecit.</strong></span> <span class='ocrx_word' id='word_1_180' title='bbox 499 2697 614 2784; x_wconf 83' lang='lat' dir='ltr'><strong>Neque</strong></span> <span class='ocrx_word' id='word_1_181' title='bbox 635 2707 702 2764; x_wconf 87' lang='lat' dir='ltr'><strong>erat</strong></span> <span class='ocrx_word' id='word_1_182' title='bbox 722 2700 878 2784; x_wconf 88' lang='lat' dir='ltr'><strong>profecto,</strong></span> <span class='ocrx_word' id='word_1_183' title='bbox 901 2699 955 2784; x_wconf 85' lang='lat' dir='ltr'><strong>qui</strong></span> <span class='ocrx_word' id='word_1_184' title='bbox 977 2698 1018 2762; x_wconf 88' lang='lat' dir='ltr'><strong>ad</strong></span> <span class='ocrx_word' id='word_1_185' title='bbox 1030 2698 1238 2783; x_wconf 78' lang='lat' dir='ltr'><strong>conligendas</strong></span> <span class='ocrx_word' id='word_1_186' title='bbox 1259 2704 1362 2767; x_wconf 88' lang='lat' dir='ltr'><strong>eden·</strong></span> 
     </span>
     <span class='ocr_line' id='line_1_23' title="bbox 264 2805 1361 2895; baseline -0.002 -23"><span class='ocrx_word' id='word_1_187' title='bbox 264 2808 387 2894; x_wconf 85' lang='lat' dir='ltr'><strong>dasque</strong></span> <span class='ocrx_word' id='word_1_188' title='bbox 421 2805 587 2874; x_wconf 82' lang='lat' dir='ltr'><strong>Ciceronis</strong></span> <span class='ocrx_word' id='word_1_189' title='bbox 619 2807 768 2895; x_wconf 87' lang='lat' dir='ltr'><strong>epistulas</strong></span> <span class='ocrx_word' id='word_1_190' title='bbox 800 2808 903 2894; x_wconf 90' lang='lat' dir='ltr'><strong>aptior</strong></span> <span class='ocrx_word' id='word_1_191' title='bbox 933 2806 1043 2870; x_wconf 82' lang='lat' dir='ltr'><strong>luisset</strong></span> <span class='ocrx_word' id='word_1_192' title='bbox 1062 2806 1242 2892; x_wconf 90' lang='lat' dir='ltr'><strong>Pomponio</strong></span> <span class='ocrx_word' id='word_1_193' title='bbox 1276 2808 1361 2892; x_wconf 89' lang='lat' dir='ltr'><strong>ipso,</strong></span> 
     </span>
     <span class='ocr_line' id='line_1_24' title="bbox 264 2913 1359 3004; baseline -0.005 -22"><span class='ocrx_word' id='word_1_194' title='bbox 264 2939 335 2982; x_wconf 91' lang='lat' dir='ltr'><strong>cum</strong></span> <span class='ocrx_word' id='word_1_195' title='bbox 351 2938 445 2983; x_wconf 87' lang='lat' dir='ltr'><strong>nemo</strong></span> <span class='ocrx_word' id='word_1_196' title='bbox 465 2918 580 2983; x_wconf 87' lang='lat' dir='ltr'><strong>eodem</strong></span> <span class='ocrx_word' id='word_1_197' title='bbox 608 2918 749 3004; x_wconf 81' lang='lat' dir='ltr'><strong>quo&#39;ille</strong></span> <span class='ocrx_word' id='word_1_198' title='bbox 771 2917 868 2983; x_wconf 91' lang='lat' dir='ltr'><strong>modo</strong></span> <span class='ocrx_word' id='word_1_199' title='bbox 899 2937 970 2982; x_wconf 88' lang='lat' dir='ltr'><strong>cum</strong></span> <span class='ocrx_word' id='word_1_200' title='bbox 1004 2914 1149 2982; x_wconf 86' lang='lat' dir='ltr'><strong>omnibus</strong></span> <span class='ocrx_word' id='word_1_201' title='bbox 1180 2915 1249 2979; x_wconf 86' lang='lat' dir='ltr'><strong>fere</strong></span> <span class='ocrx_word' id='word_1_202' title='bbox 1273 2913 1359 2978; x_wconf 87' lang='lat' dir='ltr'><strong>illius</strong></span> 
     </span>
     <span class='ocr_line' id='line_1_25' title="bbox 262 3024 1361 3108; baseline -0.004 -18"><span class='ocrx_word' id='word_1_203' title='bbox 262 3026 370 3091; x_wconf 86' lang='lat' dir='ltr'><strong>aetatis</strong></span> <span class='ocrx_word' id='word_1_204' title='bbox 392 3026 470 3092; x_wconf 88' lang='lat' dir='ltr'><strong>uiris</strong></span> <span class='ocrx_word' id='word_1_205' title='bbox 493 3027 673 3093; x_wconf 81' lang='lat' dir='ltr'><strong>clarissimis</strong></span> <span class='ocrx_word' id='word_1_206' title='bbox 702 3026 966 3092; x_wconf 87' lang='lat' dir='ltr'><strong>cousuetudinem</strong></span> <span class='ocrx_word' id='word_1_207' title='bbox 986 3024 1120 3090; x_wconf 88' lang='lat' dir='ltr'><strong>baberet</strong></span> <span class='ocrx_word' id='word_1_208' title='bbox 1142 3044 1277 3108; x_wconf 91' lang='lat' dir='ltr'><strong>cumque</strong></span> <span class='ocrx_word' id='word_1_209' title='bbox 1301 3043 1361 3087; x_wconf 87' lang='lat' dir='ltr'><strong>ne—</strong></span> 
     </span>
     <span class='ocr_line' id='line_1_26' title="bbox 263 3131 1361 3222; baseline -0.002 -24"><span class='ocrx_word' id='word_1_210' title='bbox 263 3135 340 3199; x_wconf 86' lang='lat' dir='ltr'><strong>mini</strong></span> <span class='ocrx_word' id='word_1_211' title='bbox 360 3134 472 3221; x_wconf 87' lang='lat' dir='ltr'><strong>plures</strong></span> <span class='ocrx_word' id='word_1_212' title='bbox 499 3136 695 3202; x_wconf 90' lang='lat' dir='ltr'><strong>diuersarum</strong></span> <span class='ocrx_word' id='word_1_213' title='bbox 717 3136 852 3222; x_wconf 89' lang='lat' dir='ltr'><strong>partium</strong></span> <span class='ocrx_word' id='word_1_214' title='bbox 877 3143 1048 3201; x_wconf 84' lang='lat' dir='ltr'><strong>sectatores</strong></span> <span class='ocrx_word' id='word_1_215' title='bbox 1075 3134 1233 3199; x_wconf 87' lang='lat' dir='ltr'><strong>deberent</strong></span> <span class='ocrx_word' id='word_1_216' title='bbox 1245 3131 1302 3222; x_wconf 75' lang='lat'><strong>⁰⁷),</strong></span> <span class='ocrx_word' id='word_1_217' title='bbox 1324 3141 1361 3197; x_wconf 90' lang='lat' dir='ltr'><strong>ut</strong></span> 
     </span>
    </p>
   </div>
   <div class='ocr_carea' id='block_1_4' title="bbox 269 3327 468 3338">
    <p class='ocr_par' dir='ltr' id='par_1_5' title="bbox 269 3327 468 3338">
     <span class='ocr_line' id='line_1_27' title="bbox 269 3327 468 3338; baseline 0 -2"><span class='ocrx_word' id='word_1_218' title='bbox 269 3327 468 3338; x_wconf 49' lang='lat' dir='ltr'><strong>...a-“-</strong></span> 
     </span>
    </p>
   </div>
   <div class='ocr_carea' id='block_1_5' title="bbox 263 3457 1364 4211">
    <p class='ocr_par' dir='ltr' id='par_1_6' title="bbox 263 3457 1364 3916">
     <span class='ocr_line' id='line_1_28' title="bbox 334 3457 1358 3535; baseline -0.009 -15"><span class='ocrx_word' id='word_1_219' title='bbox 334 3465 378 3535; x_wconf 85' lang='grc'><strong>64)</strong></span> <span class='ocrx_word' id='word_1_220' title='bbox 396 3464 438 3519; x_wconf 88' lang='lat' dir='ltr'><strong>De</strong></span> <span class='ocrx_word' id='word_1_221' title='bbox 456 3464 565 3519; x_wconf 85' lang='lat' dir='ltr'><strong>ratione</strong></span> <span class='ocrx_word' id='word_1_222' title='bbox 582 3481 653 3533; x_wconf 85' lang='lat' dir='ltr'><strong>quae</strong></span> <span class='ocrx_word' id='word_1_223' title='bbox 672 3464 747 3517; x_wconf 90' lang='lat' dir='ltr'><strong>inter</strong></span> <span class='ocrx_word' id='word_1_224' title='bbox 763 3461 891 3516; x_wconf 81' lang='lat' dir='ltr'><strong>Atticum</strong></span> <span class='ocrx_word' id='word_1_225' title='bbox 907 3462 998 3530; x_wconf 88' lang='lat' dir='ltr'><strong>ipsum</strong></span> <span class='ocrx_word' id='word_1_226' title='bbox 1016 3464 1045 3513; x_wconf 88' lang='lat' dir='ltr'><strong>et</strong></span> <span class='ocrx_word' id='word_1_227' title='bbox 1056 3458 1185 3513; x_wconf 79' lang='lat' dir='ltr'><strong>librarios</strong></span> <span class='ocrx_word' id='word_1_228' title='bbox 1195 3458 1255 3511; x_wconf 84' lang='lat' dir='ltr'><strong>eius</strong></span> <span class='ocrx_word' id='word_1_229' title='bbox 1273 3457 1358 3512; x_wconf 88' lang='lat' dir='ltr'><strong>inter·</strong></span> 
     </span>
     <span class='ocr_line' id='line_1_29' title="bbox 265 3552 1359 3627; baseline -0.009 -12"><span class='ocrx_word' id='word_1_230' title='bbox 265 3560 390 3627; x_wconf 86' lang='lat' dir='ltr'><strong>cesserit,</strong></span> <span class='ocrx_word' id='word_1_231' title='bbox 410 3560 444 3615; x_wconf 89' lang='lat' dir='ltr'><strong>of.</strong></span> <span class='ocrx_word' id='word_1_232' title='bbox 464 3560 500 3614; x_wconf 88' lang='lat' dir='ltr'><strong>ad</strong></span> <span class='ocrx_word' id='word_1_233' title='bbox 518 3559 577 3614; x_wconf 80' lang='lat' dir='ltr'><strong>Att.</strong></span> <span class='ocrx_word' id='word_1_234' title='bbox 597 3558 658 3612; x_wconf 90' lang='lat' dir='ltr'><strong>XII.</strong></span> <span class='ocrx_word' id='word_1_235' title='bbox 676 3559 720 3612; x_wconf 87' lang='lat'><strong>40.</strong></span> <span class='ocrx_word' id='word_1_236' title='bbox 741 3559 771 3610; x_wconf 86' lang='lat'><strong>1:</strong></span> <span class='ocrx_word' id='word_1_237' title='bbox 791 3556 896 3623; x_wconf 82' lang='lat' dir='ltr'><strong>‚Itaque</strong></span> <span class='ocrx_word' id='word_1_238' title='bbox 917 3556 979 3607; x_wconf 87' lang='lat' dir='ltr'><strong>misi</strong></span> <span class='ocrx_word' id='word_1_239' title='bbox 997 3554 1099 3607; x_wconf 89' lang='lat' dir='ltr'><strong>librum</strong></span> <span class='ocrx_word' id='word_1_240' title='bbox 1116 3552 1152 3606; x_wconf 86' lang='lat' dir='ltr'><strong>ad</strong></span> <span class='ocrx_word' id='word_1_241' title='bbox 1171 3552 1303 3619; x_wconf 83' lang='lat' dir='ltr'><strong>Muscam,</strong></span> <span class='ocrx_word' id='word_1_242' title='bbox 1325 3556 1359 3605; x_wconf 88' lang='lat' dir='ltr'><strong>nt</strong></span> 
     </span>
     <span class='ocr_line' id='line_1_30' title="bbox 264 3647 1357 3718; baseline -0.01 -7"><span class='ocrx_word' id='word_1_243' title='bbox 264 3658 321 3711; x_wconf 89' lang='lat' dir='ltr'><strong>tuis</strong></span> <span class='ocrx_word' id='word_1_244' title='bbox 347 3655 471 3710; x_wconf 85' lang='lat' dir='ltr'><strong>librariis</strong></span> <span class='ocrx_word' id='word_1_245' title='bbox 489 3655 577 3710; x_wconf 87' lang='lat' dir='ltr'><strong>daret.</strong></span> <span class='ocrx_word' id='word_1_246' title='bbox 614 3653 685 3706; x_wconf 90' lang='lat' dir='ltr'><strong>Volo</strong></span> <span class='ocrx_word' id='word_1_247' title='bbox 704 3652 793 3716; x_wconf 87' lang='lat' dir='ltr'><strong>enim,</strong></span> <span class='ocrx_word' id='word_1_248' title='bbox 822 3666 884 3702; x_wconf 87' lang='lat' dir='ltr'><strong>eum</strong></span> <span class='ocrx_word' id='word_1_249' title='bbox 903 3648 1055 3718; x_wconf 84' lang='lat' dir='ltr'><strong>diuulgari‚</strong></span> <span class='ocrx_word' id='word_1_250' title='bbox 1080 3647 1155 3715; x_wconf 88' lang='lat' dir='ltr'><strong>quod</strong></span> <span class='ocrx_word' id='word_1_251' title='bbox 1174 3665 1228 3715; x_wconf 89' lang='lat' dir='ltr'><strong>qno</strong></span> <span class='ocrx_word' id='word_1_252' title='bbox 1248 3647 1357 3701; x_wconf 87' lang='lat' dir='ltr'><strong>lacilius</strong></span> 
     </span>
     <span class='ocr_line' id='line_1_31' title="bbox 263 3742 1364 3822; baseline -0.012 -15"><span class='ocrx_word' id='word_1_253' title='bbox 263 3753 323 3819; x_wconf 83' lang='lat' dir='ltr'><strong>fiat,</strong></span> <span class='ocrx_word' id='word_1_254' title='bbox 340 3752 490 3822; x_wconf 84' lang='lat' dir='ltr'><strong>imperabis</strong></span> <span class='ocrx_word' id='word_1_255' title='bbox 507 3751 583 3818; x_wconf 86' lang='lat' dir='ltr'><strong>tuis‘,</strong></span> <span class='ocrx_word' id='word_1_256' title='bbox 604 3753 633 3803; x_wconf 87' lang='lat' dir='ltr'><strong>et</strong></span> <span class='ocrx_word' id='word_1_257' title='bbox 649 3746 723 3801; x_wconf 89' lang='lat' dir='ltr'><strong>XlII.</strong></span> <span class='ocrx_word' id='word_1_258' title='bbox 742 3749 786 3802; x_wconf 76' lang='lat'><strong>21.</strong></span> <span class='ocrx_word' id='word_1_259' title='bbox 808 3748 838 3800; x_wconf 85' lang='lat'><strong>5:</strong></span> <span class='ocrx_word' id='word_1_260' title='bbox 866 3744 981 3813; x_wconf 86' lang='lat' dir='ltr'><strong>,Scripsi</strong></span> <span class='ocrx_word' id='word_1_261' title='bbox 1004 3743 1078 3796; x_wconf 88' lang='lat' dir='ltr'><strong>enim</strong></span> <span class='ocrx_word' id='word_1_262' title='bbox 1102 3742 1138 3796; x_wconf 85' lang='lat' dir='ltr'><strong>ad</strong></span> <span class='ocrx_word' id='word_1_263' title='bbox 1157 3743 1303 3809; x_wconf 84' lang='lat' dir='ltr'><strong>librarios,</strong></span> <span class='ocrx_word' id='word_1_264' title='bbox 1330 3746 1364 3794; x_wconf 89' lang='lat' dir='ltr'><strong>ut</strong></span> 
     </span>
     <span class='ocr_line' id='line_1_32' title="bbox 265 3841 975 3916; baseline -0.015 -12"><span class='ocrx_word' id='word_1_265' title='bbox 265 3849 345 3903; x_wconf 85' lang='lat' dir='ltr'><strong>lieret</strong></span> <span class='ocrx_word' id='word_1_266' title='bbox 363 3849 428 3916; x_wconf 87' lang='lat' dir='ltr'><strong>tuis,</strong></span> <span class='ocrx_word' id='word_1_267' title='bbox 447 3848 470 3902; x_wconf 88' lang='lat' dir='ltr'><strong>si</strong></span> <span class='ocrx_word' id='word_1_268' title='bbox 486 3852 517 3900; x_wconf 82' lang='lat' dir='ltr'><strong>tu</strong></span> <span class='ocrx_word' id='word_1_269' title='bbox 534 3844 619 3899; x_wconf 88' lang='lat' dir='ltr'><strong>uelles</strong></span> <span class='ocrx_word' id='word_1_270' title='bbox 639 3841 815 3898; x_wconf 83' lang='lat' dir='ltr'><strong>describendi</strong></span> <span class='ocrx_word' id='word_1_271' title='bbox 832 3845 975 3911; x_wconf 79' lang='lat' dir='ltr'><strong>potestas‘.</strong></span> 
     </span>
    </p>

    <p class='ocr_par' dir='ltr' id='par_1_7' title="bbox 337 3941 778 4015">
     <span class='ocr_line' id='line_1_33' title="bbox 337 3941 778 4015; baseline -0.016 -15"><span class='ocrx_word' id='word_1_272' title='bbox 337 3949 381 4015; x_wconf 82' lang='lat' dir='ltr'><strong>bb)</strong></span> <span class='ocrx_word' id='word_1_273' title='bbox 403 3946 465 4001; x_wconf 87' lang='lat' dir='ltr'><strong>Vid.</strong></span> <span class='ocrx_word' id='word_1_274' title='bbox 484 3943 578 3998; x_wconf 86' lang='lat' dir='ltr'><strong>adnot.</strong></span> <span class='ocrx_word' id='word_1_275' title='bbox 595 3946 719 3996; x_wconf 78' lang='lat' dir='ltr'><strong>nostram</strong></span> <span class='ocrx_word' id='word_1_276' title='bbox 734 3941 778 3993; x_wconf 79' lang='grc'><strong>62.</strong></span> 
     </span>
    </p>

    <p class='ocr_par' dir='ltr' id='par_1_8' title="bbox 338 4036 1000 4112">
     <span class='ocr_line' id='line_1_34' title="bbox 338 4036 1000 4112; baseline -0.009 -14"><span class='ocrx_word' id='word_1_277' title='bbox 338 4045 381 4112; x_wconf 89' lang='grc'><strong>66)</strong></span> <span class='ocrx_word' id='word_1_278' title='bbox 400 4043 439 4097; x_wconf 86' lang='lat' dir='ltr'><strong>Cf.</strong></span> <span class='ocrx_word' id='word_1_279' title='bbox 459 4042 600 4095; x_wconf 89' lang='lat' dir='ltr'><strong>Drumann</strong></span> <span class='ocrx_word' id='word_1_280' title='bbox 620 4041 638 4095; x_wconf 86' lang='grc'><strong>1.</strong></span> <span class='ocrx_word' id='word_1_281' title='bbox 658 4055 756 4094; x_wconf 89' lang='lat' dir='ltr'><strong>comm.</strong></span> <span class='ocrx_word' id='word_1_282' title='bbox 774 4037 807 4093; x_wconf 76' lang='lat' dir='ltr'><strong>V.</strong></span> <span class='ocrx_word' id='word_1_283' title='bbox 825 4054 871 4107; x_wconf 82' lang='lat' dir='ltr'><strong>pg.</strong></span> <span class='ocrx_word' id='word_1_284' title='bbox 884 4036 1000 4092; x_wconf 81' lang='grc'>63-68.</span> 
     </span>
    </p>

    <p class='ocr_par' dir='ltr' id='par_1_9' title="bbox 339 4125 1364 4211">
     <span class='ocr_line' id='line_1_35' title="bbox 339 4125 1364 4211; baseline -0.016 -16"><span class='ocrx_word' id='word_1_285' title='bbox 339 4141 382 4211; x_wconf 81' lang='grc'><strong>67)</strong></span> <span class='ocrx_word' id='word_1_286' title='bbox 404 4139 484 4206; x_wconf 74' lang='lat' dir='ltr'><strong>Quod</strong></span> <span class='ocrx_word' id='word_1_287' title='bbox 507 4138 566 4192; x_wconf 84' lang='lat' dir='ltr'><strong>fere</strong></span> <span class='ocrx_word' id='word_1_288' title='bbox 589 4138 679 4192; x_wconf 78' lang='lat' dir='ltr'><strong>solum</strong></span> <span class='ocrx_word' id='word_1_289' title='bbox 701 4135 794 4205; x_wconf 88' lang='lat' dir='ltr'><strong>Nepos</strong></span> <span class='ocrx_word' id='word_1_290' title='bbox 818 4151 869 4204; x_wconf 82' lang='lat' dir='ltr'><strong>per</strong></span> <span class='ocrx_word' id='word_1_291' title='bbox 900 4138 988 4187; x_wconf 85' lang='lat' dir='ltr'><strong>totam</strong></span> <span class='ocrx_word' id='word_1_292' title='bbox 1014 4132 1102 4186; x_wconf 86' lang='lat' dir='ltr'><strong>uitam</strong></span> <span class='ocrx_word' id='word_1_293' title='bbox 1126 4128 1217 4184; x_wconf 80' lang='lat' dir='ltr'><strong>Attici</strong></span> <span class='ocrx_word' id='word_1_294' title='bbox 1243 4125 1364 4196; x_wconf 83' lang='lat' dir='ltr'><strong>probare</strong></span> 
     </span>
    </p>
   </div>
   <div class='ocr_carea' id='block_1_6' title="bbox 266 4237 368 4293">
    <p class='ocr_par' dir='ltr' id='par_1_10' title="bbox 266 4237 368 4293">
     <span class='ocr_line' id='line_1_36' title="bbox 266 4237 368 4293; baseline -0.01 -3"><span class='ocrx_word' id='word_1_295' title='bbox 266 4237 368 4293; x_wconf 82' lang='lat' dir='ltr'><strong>studet.</strong></span> 
     </span>
    </p>
   </div>
   <div class='ocr_carea' id='block_1_7' title="bbox 774 4390 783 4425">
    <p class='ocr_par' dir='ltr' id='par_1_11' title="bbox 774 4390 783 4425">
     <span class='ocr_line' id='line_1_37' title="bbox 774 4390 783 4425; baseline 0 0"><span class='ocrx_word' id='word_1_296' title='bbox 774 4390 783 4425; x_wconf 78' lang='lat' dir='ltr'><strong>t</strong></span> 
     </span>
    </p>
   </div>
   <div class='ocr_carea' id='block_1_8' title="bbox 0 0 1535 4786">
    <p class='ocr_par' dir='ltr' id='par_1_12' title="bbox 0 0 1535 4786">
     <span class='ocr_line' id='line_1_38' title="bbox 0 0 1535 4786; baseline 0 0"><span class='ocrx_word' id='word_1_297' title='bbox 0 0 1535 4786; x_wconf 95' lang='lat' dir='ltr'><strong> </strong></span> 
     </span>
    </p>
   </div>
  </div>
 </body>
</html>
