3038 4786
344 504 379 589 3)
402 504 529 570 Neuius
548 506 680 592 parts
702 528 735 570 u.
748 508 786 572 fir
807 505 861 589 ,ll
880 505 1006 573 Tullius
1029 506 1070 572 ad
1087 506 1235 573 canem
1253 506 1309 575 lib.
1320 506 1360 573 Ie

260 617 322 680 iam
340 614 509 680 biennium
534 623 600 696 est,
634 636 703 679 cum
727 616 837 683 uirtuti
856 617 1001 695 nuntium
1030 616 1181 682 remisisti
1195 615 1358 692 delenitus

259 722 431 788 inlecebris
446 722 640 808 uoluptatia‘,
665 744 748 808 quae
760 724 876 790 eadem
892 726 993 789 uerba
1005 724 1185 809 reperimus
1199 725 1273 807 ism.
1282 724 1359 790 XV

261 831 311 901 16
335 830 451 919 1(nisi
474 833 565 917 quod
584 833 636 898 hio
655 833 808 920 scriptum
830 841 899 898 cstz
922 833 1091 898 biennium
1107 842 1166 900 aut
1181 833 1357 899 niensium

261 939 335 1027 orti
378 938 485 1021 Quem
504 941 605 1026 igitur
623 942 771 1008 hocloco
783 940 908 1009 Nonius
930 952 1056 1015 secutus
1072 951 1138 1023 est,
1162 944 1194 1007 oi
1213 941 1357 1028 complu-

260 1068 313 1113 res
334 1048 440 1114 adhue
459 1048 531 1115 liuri
556 1049 763 1136 epistularum
786 1048 952 1116 Ciceronis
975 1050 1017 1115 ad
1038 1049 1185 1117 Cassium
1217 1050 1259 1114 ad
1291 1071 1358 1133 mm

260 1178 340 1222 num
360 1166 458 1240 mant,
480 1168 518 1223 ut
538 1168 728 1246 excerptum
750 1160 912 1243 (quartum
920 1158 989 1245 est)
1005 1159 1061 1224 uel
1084 1158 1228 1225 nondum
1248 1156 1357 1242 ecgni-

261 1272 328 1329 tum
360 1265 494 1332 haberet
524 1266 580 1331 uel
611 1288 650 1331 co
678 1266 712 1330 in
741 1267 1026 1332 commemorandis
1057 1267 1137 1332 loeis
1167 1267 1213 1331 uti
1244 1266 1359 1333 sanem

260 1373 371 1439 nollet.

345 1480 425 1546 Tres
445 1480 544 1568 igitur
567 1482 630 1547 loci
652 1481 851 1549 eCiceronis
874 1483 1020 1569 epistulis
1040 1483 1084 1548 ita
1101 1484 1298 1566 adferuntur,
1321 1492 1359 1549 nt

262 1588 388 1658 Gellius
410 1599 443 1654 et
461 1589 527 1672 illo,
550 1612 646 1676 quem
667 1592 778 1677 priore
798 1593 872 1659 loeo
892 1601 1023 1658 secutus
1045 1590 1237 1675 eatN'unius,
1258 1593 1360 1659 uerba

261 1698 416 1763 enostris
439 1700 610 1784 excerptis,
634 1722 728 1785 quem
748 1700 849 1766 altero
871 1701 962 1783 loeo,
990 1701 1017 1764 is
1040 1724 1082 1766 ex
1103 1701 1181 1788 ipsis
1203 1700 1358 1788 primige-

252 1798 320 1872 'niis
342 1807 548 1894 epistularum
575 1809 665 1874 libris
695 1809 941 1896 descripserint3
975 1810 1063 1874 unde
1092 1810 1224 1877 illorum
1255 1819 1359 1876 aetate

261 1924 414 2002 excerpts
443 1916 535 1981 latius
555 1917 688 2003 uulgata
709 1917 810 1982 fuisse
832 1907 1075 2004 intellegimus,
1103 1918 1189 2002 quod
1214 1919 1248 1982 in
1273 1917 1360 1984 hunc

258 2045 324 2090 non
344 2023 419 2087 item
440 2025 533 2091 cadit.
575 2022 671 2090 Nunc
692 2034 809 2108 autem,
833 2025 862 2091 si
884 2025 938 2111 qui
959 2025 1080 2091 fuerint
1100 2024 1167 2108 illi,
1192 2047 1270 2111 quos
1291 2024 1358 2091 No·

258 2132 329 2198 nius
352 2141 479 2197 secutus
501 2143 568 2215 est,
594 2133 793 2220 quaerimus,
822 2135 870 2201 iu
882 2134 1011 2219 easdem
1035 2134 1188 2207 molestas
1201 2136 1356 2237 tenebras

258 2239 443 2323 incidimus,
477 2262 557 2329 quae
579 2251 642 2307 tam
663 2263 760 2329 saepe
787 2242 816 2308 si
844 2244 959 2328 quibus
991 2265 1065 2308 oum
1082 2240 1214 2313 Nonio
1218 2265 1271 2308 res
1297 2251 1356 2335 est,

261 2370 323 2437 quo
341 2347 450 2415 minus
475 2348 637 2434 longius
627 2372 661 2413 m
684 2350 876 2436 inquirendo
898 2349 1095 2437 procedant,
1126 2360 1200 2417 sunt
1221 2328 1355 2438 impedi·

260 2466 379 2531 mento.
408 2454 628 2545 Cognouimus
653 2481 729 2527 sane
741 2458 882 2525 Nonium
906 2458 1012 2523 multis
1025 2458 1186 2545 uariisque
1206 2459 1240 2524 in
1260 2460 1354 2527 retus

261 2564 368 2632 Gellio
400 2565 487 2629 fonte
509 2588 697 2652 quamquam
728 2566 855 2633 tacitum
882 2588 977 2631 usum
1007 2587 1148 2630 csse-
1178 2567 1238 2631 sed
1257 2566 1357 2653 longe

260 2673 322 2743 ulia
343 2683 434 2738 erant
464 2695 545 2759 qnae
574 2675 604 2739 ei
632 2676 721 2738 locos
743 2673 908 2740 Ciceronis
939 2671 1147 2756 epistularum
1167 2668 1349 2759 suppedita-

260 2783 343 2848 bant.
387 2778 469 2847 Onm
492 2782 575 2845 enim
595 2779 719 2844 Nonius
740 2779 812 2864 plus
832 2777 1034 2864 septuaginta
1056 2778 1239 2840 huiusmodi
1261 2778 1350 2841 locos

259 2886 397 2972 atterat,
428 2888 514 2975 apud
537 2886 679 2955 Gellium
702 2896 766 2953 tres
789 2894 909 2952 tantum
931 2885 1111 2972 reperimus
1146 2923 1182 2934 -
1218 2905 1353 2968 quorum

257 3022 300 3066 ne
323 3021 420 3064 unum
445 2996 574 3084 quidem
585 2996 709 3064 Nonius
733 2998 767 3061 in
787 3019 861 3062 suos
883 2995 982 3062 libros
1002 2994 1141 3082 recepit.¹
1157 2992 1225 3061 Sed
1251 2976 1354 3079 quid?

257 3096 384 3199 Nonne·
400 3107 489 3177 Gelli
509 3118 637 3181 ostanus
656 3086 741 3177 liner
763 3106 987 3194 totusperiit‘l
1030 3103 1214 3181 Nonne,ibi
1237 3104 1277 3168 de
1302 3101 1354 3170 ci

258 3238 376 3287 nerone
395 3239 498 3303 agere
517 3217 644 3307 potuit?
675 3216 789 3289 ‚Immo
804 3238 871 3283 non
887 3217 994 3302 potuit
1013 3213 1130 3294 solnm,
1142 3212 1297 3287 sedeunt
1315 3233 1355 3281 re

125 3354 131 3370 ¹
257 3347 337 3399 wa
358 3327 399 3393 de
422 3327 580 3395 Cicereno
599 3336 694 3395 serto
716 3329 802 3413 (nec
821 3349 901 3394 uero
922 3328 990 3392 ulto
1011 3327 1091 3415 alio)
1119 3326 1223 3412 capite
1247 3325 1354 3411 egisse

257 3456 305 3501 err
318 3436 483 3503 tatianus
498 3437 573 3518 illis,
596 3456 676 3522 qnos
700 3437 824 3504 (lollius
845 3437 917 3522 ipse
936 3434 1074 3520 siugulis
1096 3433 1187 3500 lieris
1211 3433 1353 3519 praemi*

258 3544 317 3626 sit,
348 3545 497 3631 adparet,
526 3544 582 3611 ubi
608 3546 726 3631 scripta
753 3553 829 3609 sunt
849 3544 966 3609 haecce
999 3542 1088 3627 ,qnid
1109 3538 1354 3608 Mi·Cicero'de

258 3660 367 3718 amore
388 3653 542 3719 amicitiae
564 3654 699 3718 senserit
722 3654 793 3718 cu'm
816 3651 914 3739 ipsius
939 3651 1046 3716 uerbis
1071 3634 1235 3716 additum!
1265 3652 1353 3715 Atla‘-

258 3752 332 3826 men
353 3784 471 3827 uereor
492 3774 526 3826 ut
553 3752 631 3827 huic
652 3750 756 3847 capiti
769 3784 838 3826 eum
864 3756 1026 3825 Ciceronis
1048 3759 1192 3847 epistulis
1211 3782 1262 3824 res
1285 3759 1353 3823 fue·

256 3870 307 3952 rit,
329 3893 401 3939 eum
425 3868 510 3939 Gelli
533 3873 647 3937 uerba:
670 3893 757 3953 ,cum
776 3870 876 3957 ipsius
898 3869 1103 3945 uerbis‘non
1125 3860 1352 3955 tamsingulos
1472 3926 1476 3933 ,

258 3979 347 4047 locos
365 3978 442 4045 hine
464 3979 554 4047 illinc
576 3982 735 4049 conlectos
744 3964 871 4065 ‚squam
891 3978 1073 4064 longiorem
1089 3978 1227 4066 aliquam
1252 3976 1354 4064 expli·

259 4086 415 4161 sutionem
438 4087 550 4161 locum
565 4085 730 4159 neoniae
760 4086 834 4157 atie
858 4087 1012 4155 ,doceant
1065 4083 1154 4165 Quid
1185 4084 1213 4153 si
1239 4082 1354 4170 ,ipsine

255 4196 368 4261 uerba‘
396 4217 415 4261 e
443 4195 530 4261 Tulli
547 4194 660 4263 Laelio
682 4194 945 4283 sumpserunt?
987 4193 1056 4263 ssd
1077 4191 1354 4280 tegerseensis
